2684 4546
620 313 693 376 ¹³⁷

133 483 229 553 loco?
253 483 411 562 Quoniam
432 481 531 563 igitur
553 498 652 547 unum
676 484 777 546 totum
801 499 866 547 non
887 486 997 564 potest
1018 500 1091 551 csse
1112 483 1207 556 simul

132 587 168 654 in
191 587 327 655 diversis
349 587 428 653 locis
451 592 572 667 totum,
603 585 826 669 consequitur,
848 590 885 652 ut
906 605 965 668 per
987 587 1114 669 singula
1136 589 1207 659 loca

133 692 265 774 singula
287 691 353 757 sint
375 694 460 771 tota,
492 691 520 756 si
552 691 585 756 in
620 690 755 770 singulis
787 690 867 759 loeis
895 691 991 759 simul
1013 691 1136 777 aliquid
1157 699 1207 762 cst
1290 720 1296 727 ·

133 801 248 864 totum.
294 796 498 878 Quapropter
521 795 548 862 si
571 813 697 860 summa
719 800 837 861 natura
865 798 934 862 tota
963 802 1013 862 cst
1040 815 1104 864 uno
1127 803 1207 865 tem·

134 919 214 982 pore
235 899 269 964 in
293 898 428 979 singulis
460 899 607 967 omnibus
640 900 734 982 iocis,
770 905 850 984 quot
880 900 1007 981 singula
1035 903 1105 970 loca
1136 922 1207 975 csso
1298 964 1301 969 .

135 1009 290 1087 possunt,
322 1008 371 1069 tot
394 1003 541 1086 singulae
564 1008 641 1069 sunt
663 1007 799 1069 naturae
821 1021 981 1087 summae,
1012 1007 1098 1091 quod
1126 1008 1208 1074 irra-

97 1115 99 1129 '
136 1106 290 1174 tionabile
312 1114 362 1173 est
384 1106 518 1188 opinari.
562 1105 634 1171 Non
658 1111 708 1171 cst
738 1107 836 1187 igitur
865 1113 934 1175 tota
964 1129 1028 1176 uno
1063 1114 1208 1195 tompore

136 1211 168 1276 in
198 1211 336 1292 singulis
367 1212 454 1277 locis.
490 1213 544 1276 ‘At
575 1228 651 1276 vero
685 1211 713 1275 si
742 1211 877 1277 diversis
911 1214 1108 1295 temporibus
1139 1223 1210 1284 tota

137 1315 242 1381 estin
266 1315 400 1396 singulis
431 1315 527 1396 locis,
562 1314 690 1400 quando
726 1321 775 1381 est
804 1317 837 1381 in
870 1334 934 1381 uno
963 1317 1050 1398 loco,
1083 1321 1207 1389 nullum

136 1420 265 1485 bonnm·
280 1424 313 1486 et
336 1420 425 1486 nulla
447 1420 589 1487 essentia
612 1424 666 1499 est
684 1419 813 1487 interim
842 1420 876 1485 in
905 1419 977 1485 aliis
1005 1420 1102 1506 locis,
1132 1424 1210 1507 quia

137 1524 207 1590 sine
230 1543 269 1590 ea
290 1543 424 1606 prorsus
447 1525 568 1608 aliquid
592 1543 657 1591 non
674 1523 790 1591 existit.
822 1524 915 1604 Quod
938 1525 1113 1591 absurdum
1137 1544 1209 1594 csse

138 1630 187 1696 uel
212 1629 284 1711 ipsa
305 1631 376 1696 loca
396 1615 568 1712 probant,'
590 1648 673 1714 quae
704 1630 866 1711 nonnihil,
897 1629 955 1696 sed
976 1629 1099 1714 aliquid
1122 1637 1208 1698 sunt

136 1733 207 1799 Non
231 1738 283 1798 cst
303 1734 412 1818 itaque
434 1752 559 1800 summa
581 1739 697 1800 natura
725 1738 795 1800 tota
823 1735 858 1800 in
880 1735 1016 1818 singulis
1039 1736 1139 1819 locis,
1161 1736 1208 1802 di·

138 1837 239 1919 versis
262 1839 467 1920 temporibus.
512 1839 605 1918 Quod
627 1839 654 1904 si
678 1857 736 1904 nec
760 1839 872 1905 eodem
896 1845 1054 1923 tempore,
1078 1858 1138 1908 nec
1160 1840 1208 1907 di·

136 1940 238 2008 versis
261 1944 459 2024 temporibus
482 1947 550 2010 tota
572 1949 622 2010 est
644 1945 677 2009 in
701 1944 836 2025 singulis
859 1943 953 2026 locis,
987 1943 1107 2028 liquet,
1130 1947 1206 2030 quia

138 2045 224 2114 nullo
256 2047 349 2141 modo
383 2053 433 2114 est
464 2053 532 2116 tota
555 2048 588 2113 in
609 2048 759 2130 ¹singulis
793 2047 941 2116 omnibus
959 2048 1061 2115 iocis.
1115 2048 1210 2119 Nunc

135 2150 234 2231 igitur
257 2158 306 2217 cst
328 2153 565 2234 indagandum,
596 2154 624 2220 si
647 2152 759 2218 cadem
782 2172 907 2218 summa
928 2158 1047 2218 natura
1070 2154 1113 2219 sit
1135 2159 1206 2219 tota

136 2257 170 2321 in
193 2257 328 2336 singulis
351 2259 567 2340 temporibus,
591 2255 781 2336 autsimul,
811 2262 869 2320 aut
882 2255 1043 2321 distincte
1064 2273 1123 2336 per
1144 2256 1210 2322 sin·

137 2362 211 2443 gula
233 2366 387 2443 tempora.
434 2362 498 2429 Sed
522 2362 679 2446 quomodo
704 2348 753 2426 est
784 2360 906 2444 aliquid
929 2364 1032 2426 totum
1055 2360 1150 2427 simul
1174 2362 1209 2428 in

137 2467 271 2550 singulis
294 2466 509 2550 temporibus,
533 2467 561 2532 si
583 2466 654 2550 ipsa
677 2470 822 2548 tempora
844 2464 939 2532 simul
962 2483 1027 2530 non
1051 2464 1151 2533 sunt?
1175 2465 1210 2534 Si

136 2591 212 2639 uero
236 2573 410 2655 separatim
433 2577 466 2640 et
489 2572 641 2640 distincte
663 2575 733 2637 tota
756 2575 805 2636 est
835 2571 869 2635 in
901 2569 1037 2651 singulis
1060 2572 1210 2653 tempori·

136 2678 217 2760 bus,
245 2678 515 2763 quemadmodum
538 2677 655 2761 aliquis
677 2676 771 2742 homo
795 2679 882 2740 totus
905 2678 954 2739 est
982 2672 1066 2755 heri,
1099 2679 1133 2740 et
1154 2674 1210 2739 bo·

136 2783 205 2864 dio,
230 2788 263 2849 et
284 2800 373 2863 cras3
404 2782 534 2864 proprie
557 2781 695 2863 dicitur,
720 2779 796 2865 quia
817 2777 897 2859 fuit,
930 2782 963 2845 et
985 2783 1049 2861 est,
1080 2783 1116 2845 et
1139 2779 1209 2846 erit.

134 2889 222 2968 Ergo
246 2887 316 2968 epus
340 2892 446 2968 aetas,
472 2906 554 2972 quac
578 2887 655 2953 nihil
679 2886 767 2953 aliud
783 2891 833 2952 est
856 2902 952 2968 qoam
975 2884 1045 2968 eJus
1069 2883 1209 2950 aeterni·

134 2996 206 3068 tas,
240 3005 305 3053 non
337 2994 387 3054 est
416 2995 485 3057 tota
514 2992 626 3070 simul;
661 2990 720 3056 scd
749 2996 800 3056 cst
821 2988 969 3070 partibus
992 2992 1126 3053 extensa
1150 3005 1211 3068 per

135 3099 317 3171 temporum
350 3097 469 3172 partes.
515 3095 556 3158 nt
591 3094 661 3174 eius
696 3091 872 3158 aeternitas
915 3087 993 3154 nihil
1026 3089 1115 3155 aliud
1151 3093 1210 3171 est,

133 3215 233 3281 quam
256 3195 337 3276 ipsa.
370 3197 501 3264 Summa
522 3197 623 3278 igitur
637 3196 779 3263 essentia
802 3196 863 3262 erit
885 3194 987 3262 divisa
1009 3213 1069 3276 per
1089 3197 1211 3276 partes,

136 3299 312 3369 secundum
345 3306 524 3384 temporum
558 3302 790 3370 distinctiones.
836 3301 871 3369 Si
905 3300 988 3366 enim
1019 3298 1089 3381 ejus
1119 3303 1211 3364 aetas

136 3424 196 3488 per
218 3410 398 3487 temporum
422 3426 535 3474 cursus
565 3409 771 3490 producitur,
805 3407 903 3473 habet
935 3423 1005 3472 cum
1028 3403 1108 3484 ipsis
1130 3408 1210 3490 tem-

136 3510 268 3592 poribus
290 3527 462 3592 praeseus,
492 3513 704 3593 praeteritum
735 3515 767 3576 ct
796 3509 949 3576 futurum.
996 3506 1080 3587 Quid
1103 3511 1211 3573 autem

138 3613 226 3680 aliud
250 3617 300 3679 est
322 3614 392 3696 ejus
409 3618 516 3695 aetas,
540 3615 591 3680 vol
608 3614 764 3680 existendi
781 3614 1115 3697 diuturnitas,'quam
1138 3611 1211 3692 ejus

134 3717 339 3783 aeternitas?
363 3718 448 3798 Ergo
473 3737 544 3784 cum
567 3719 637 3801 ejus
661 3718 837 3785 aeternitas
852 3719 929 3785 nihil
945 3717 1034 3785 aliud
1056 3715 1099 3782 sit
1115 3733 1210 3799 quam

133 3821 209 3904 ejus
236 3823 394 3904 essentia,
426 3822 510 3888 sicut
543 3840 643 3905 supra
677 3824 804 3905 digesta
836 3824 923 3889 ratio·
953 3818 1211 3889 indubitabiliter

135 3927 269 4008 probat:
291 3927 317 3991 si
341 3928 411 4011 ejus
434 3927 611 3994 aeternitas
627 3927 727 3995 habet
747 3927 977 4010 praeteritum,
998 3913 1155 4007 praesens
1178 3927 1211 3992 ot

138 4027 301 4112 futurum,
332 4036 566 4118 consequenter
588 4051 714 4118 quoquc
738 4033 809 4117 cJus
833 4032 976 4100 essentia
996 4030 1094 4099 habet
1114 4047 1210 4113 prac-
