2684 4546
655 223 693 283 71

1076 326 1096 360 s

526 472 665 543 CAPUT
685 475 817 544 XLVII.
882 512 889 525 ·

188 610 268 681 Quod
285 611 372 668 Filius
389 613 426 668 sit
442 612 623 683 intelligentia
640 612 839 682 intelligentiae
857 620 885 672 et
902 578 1003 673 veritas
1019 617 1150 674 veritatis.

135 734 356 801 Conspectus
381 730 522 799 cepitis.
546 760 581 771 -
607 729 639 785 Id
656 737 747 802 patet,
774 733 837 801 quia
856 732 944 790 Filius
962 740 1005 792 est
1020 736 1211 810 intelligentis,

207 827 236 876 et
253 818 382 887 scientie,
410 824 438 873 et
456 818 604 887 sapientis,
629 823 656 873 et
673 820 773 874 veritas
791 826 921 890 paternae
940 818 1122 893 substantiae,
1141 819 1211 893 quse

206 907 267 976 ipse
285 911 327 960 est
344 903 540 975 intelligentia,
560 911 588 960 et
606 906 733 975 scientia,
752 914 780 964 et
798 909 944 980 sepientis,
962 911 1115 967 etreritas.

127 1070 131 1085 '
223 1083 266 1147 At
298 1079 326 1145 si
358 1079 429 1161 ipsa
464 1080 645 1146 substantia
678 1082 786 1148 Putris
826 1089 875 1148 eat
915 1084 1146 1169 intelligentie,
1178 1093 1212 1155 et

137 1186 291 1271 scientia,
316 1190 349 1250 et
371 1183 550 1266 sapientia,
574 1191 607 1250 et
625 1186 762 1266 veritas,
786 1180 1020 1271 cousequenter
1042 1190 1211 1272 colligitur,

137 1291 216 1375 quia
237 1289 320 1356 sicut
342 1289 442 1355 Filius
467 1293 516 1354 est
537 1288 769 1372 intelligentia,
800 1298 834 1355 et
855 1293 1006 1373 scientia,
1029 1298 1063 1359 et
1085 1295 1211 1376 sapien·

138 1395 201 1476 tia,
226 1399 259 1461 et
282 1394 403 1459 veritas
425 1399 582 1488 pateruae
605 1396 825 1484 substantiae;
855 1396 903 1461 ita
924 1403 975 1462 est
995 1392 1213 1478 intelligentia

137 1499 388 1582 intelligentiae,
429 1500 565 1566 scientio
606 1501 778 1580 scientiae,
820 1502 983 1583 sapientie
1023 1502 1211 1583 sapientiae,

42 1600 47 1611 ‘
140 1610 174 1672 et
196 1604 317 1670 veritus
340 1604 495 1671 veritatis.
522 1606 528 1617 '

525 1788 664 1880 curun
687 1812 831 1878 xnvru

138 1948 218 2019 Quod
236 1956 264 2006 et
282 1949 415 2019 quomodo
432 1948 521 2005 Filius
544 1950 581 2004 sit
598 1948 777 2019 intelligentia
793 1949 835 2005 vel
853 1950 988 2022 sapientis
1006 1952 1164 2024 memoriae,
1182 1961 1212 2011 et

447 2036 577 2092 memoria
594 2036 684 2092 Patris
701 2041 729 2092 et
745 2039 898 2093 memoriae.

139 2160 359 2230 conspectus
380 2159 520 2231 capitis.
549 2188 583 2200 -
609 2158 732 2213 Verbum
750 2160 794 2222 nrei
819 2163 862 2214 est
878 2158 939 2228 ipse
955 2159 1082 2229 cogitatio
1099 2159 1134 2215 ud
1152 2160 1213 2230 ejrns

208 2246 413 2319 similitudinem
432 2262 466 2301 ex
484 2244 613 2300 memoria
629 2244 752 2299 formata.
800 2244 875 2314 Ergo
892 2246 1013 2301 Verbum
1032 2261 1067 2300 ex
1085 2246 1214 2303 memoris

208 2336 338 2391 nascitur.
373 2334 448 2401 Ergo
466 2333 538 2388 sicut
554 2331 642 2387 Filius
661 2330 759 2385 dicitur
777 2331 916 2401 Verbum;
934 2332 974 2386 sic
992 2332 1089 2403 Peter,
1107 2349 1141 2387 ex
1159 2350 1213 2403 quo

209 2421 344 2492 gignitur,
372 2420 427 2477 dici
453 2425 545 2490 potest
570 2419 707 2475 memoria
743 2419 818 2488 Ergo
845 2419 916 2474 sicut
933 2418 1020 2474 Filius
1046 2426 1087 2476 est
1113 2421 1212 2477 iutelli-

208 2510 301 2580 gentia
320 2515 349 2566 et
367 2509 500 2578 sapientis
516 2507 619 2576 Patris,
642 2508 683 2562 ita
706 2512 748 2562 est
770 2507 952 2578 intelligentis
970 2512 998 2562 et
1015 2507 1149 2577 sapientie
1166 2523 1213 2578 pu·

208 2603 303 2652 ternae
329 2596 482 2652 memoriae.
504 2584 557 2648 'ut
583 2594 647 2662 quia
672 2592 760 2648 Filius
790 2593 919 2662 quicquid
943 2593 1014 2661 sapit
1032 2599 1059 2648 et
1076 2594 1213 2662 intelligit,

210 2685 269 2755 ejus
288 2690 316 2740 et
332 2683 469 2751 meminit;
496 2681 583 2737 Filius
610 2685 652 2736 est
676 2680 806 2735 memoria
822 2681 925 2750 Patris,
950 2686 979 2735 et
1005 2681 1134 2736 memoria
1159 2697 1213 2738 me·

210 2772 327 2840 moriae,
345 2771 375 2827 id
392 2776 435 2847 est
453 2769 695 2825 memoriamemor
705 2768 804 2836 Patris,
817 2768 865 2837 qui
884 2772 926 2824 est
942 2767 1071 2822 memoria
1087 2767 1121 2822 de
1138 2768 1214 2825 nullo

210 2865 292 2926 nnta;
318 2857 406 2913 Filius
431 2872 495 2912 vero
518 2861 560 2912 est
583 2853 713 2911 memoria
738 2858 805 2909 nata
832 2853 866 2908 (le
883 2854 1027 2923 memorie,
1051 2853 1104 2910 hoc
1121 2861 1164 2910 est
1181 2854 1215 2911 de

212 2946 303 3000 Putre.

184 3179 185 3185 ,
229 3121 280 3186 De
303 3117 455 3184 memoria
478 3135 554 3183 vero
585 3115 662 3197 quid
696 3115 900 3183 sentiendum
934 3113 1009 3179 esti
1047 3133 1089 3180 eu
1120 3113 1215 3180 aesti-

142 3228 280 3295 mandus
304 3230 354 3290 est
375 3223 476 3291 Filius
499 3214 713 3302 intelligentia
743 3221 931 3302 memoriae,
965 3218 1034 3284 sive
1064 3219 1218 3283 memoria

141 3332 266 3411 Patris,
302 3335 358 3395 aut
391 3328 545 3395 memoria
579 3327 779 3394 memoriae?
817 3324 975 3410 Equidem
999 3343 1070 3390 curn
1094 3342 1217 3389 summa

76 3472 80 3478 ·
143 3435 303 3519 sapientia
326 3434 375 3500 sui
398 3452 518 3498 memor
541 3450 613 3498 esse
637 3433 750 3512 negari
782 3450 847 3496 uon
878 3430 998 3511 possit,
1031 3429 1109 3494 nihil
1133 3448 1217 3495 com·

143 3540 307 3625 potentius
330 3555 426 3620 quam
448 3537 481 3601 iu
505 3537 659 3602 memoria
680 3536 795 3613 Pater,
825 3534 909 3600 sicut
930 3533 963 3597 in
988 3531 1095 3599 Verbo
1118 3533 1217 3599 Filius

143 3645 348 3726 intelligitur3
380 3641 531 3724 quoniam
554 3642 594 3706 de
618 3640 771 3707 memoria
801 3636 889 3703 nasci
912 3637 1053 3703 Verbum
1080 3635 1217 3714 videtur,

144 3750 230 3834 quod
253 3748 370 3814 clarius
393 3748 427 3812 in
452 3751 562 3812 nostra
585 3750 693 3810 ruente
714 3744 900 3826 percipitur.
947 3740 1103 3820 Quoniam
1129 3757 1218 3804 nam·

145 3872 208 3938 que
224 3872 314 3920 mena
329 3853 470 3919 humana
485 3871 549 3918 non
566 3863 693 3934 sempor
709 3869 744 3918 se
760 3849 897 3931 cogitat,
920 3847 1005 3912 sicut
1027 3843 1077 3908 sui
1092 3860 1219 3925 semper

144 3958 306 4039 meminit,
327 3957 446 4041 liquet,
477 3946 549 4026 curn
571 3975 607 4024 se
630 3957 764 4045 cogitat,
794 3955 871 4038 quio
893 3950 1025 4019 verbum
1050 3948 1120 4032 ejus
1144 3965 1218 4015 uus·
