2684 4546
580 213 687 284 ,72

133 390 216 458 citur
238 388 279 454 de
301 383 463 452 memoria.
494 381 589 448 Unde
604 385 755 464 apparet,
779 380 855 465 quia
869 379 894 445 si
912 397 1039 461 semper
1062 397 1098 463 se
1121 379 1206 464 eogi-

132 498 236 573 taret,
260 508 387 571 semper
409 488 542 554 verbum
566 487 636 569 ejus
661 487 701 552 de
723 486 876 551 memoria
899 490 1095 551 nasceretur.
1126 486 1207 553 Rem

134 594 252 665 etenim
290 579 447 676 cogitatio,
497 593 588 675 cujus
627 592 824 677 memoriam·
848 590 1021 670 habemus,
1047 591 1120 658 -hoo
1154 596 1208 658 est

132 707 241 769 mente
272 719 342 767 eam
377 698 498 777 dicere,
531 697 665 765 verbum
695 715 771 762 uero
801 696 848 778 rei
881 700 930 761 est
957 696 1028 777 ipsa
1057 697 1211 776 cogitatio

133 808 175 875 ad
198 806 268 889 ejus
290 803 531 870 similitudinem
554 821 594 875 en
617 801 770 866 memoria
800 799 945 878 formata.
992 801 1076 867 Hinc
1097 801 1208 884 itaque

134 911 255 996 liquido
279 907 493 974 animadverti
515 911 624 988 potest
647 905 687 972 de
711 923 836 971 summa
858 905 1033 986 sapientia,
1056 924 1141 988 quae
1162 906 1208 972 sir

134 1033 261 1096 semper
283 1031 318 1078 se
341 1012 435 1092 dicit,
470 1013 553 1078 siout
583 1029 711 1093 semper
744 1010 794 1076 sui
824 1029 943 1076 memor
967 1014 1033 1089 est,
1070 1011 1208 1093 quiade

134 1124 267 1186 aeterna
290 1116 444 1206 memoria
467 1117 537 1200 ejus
554 1119 758 1182 coaeternum
774 1116 907 1181 verbum
924 1115 1076 1181 nascitur.
1119 1114 1209 1181 Sicut

133 1224 233 1306 igitur
255 1223 388 1290 verbum
424 1241 564 1304 congrue
596 1221 791 1302 intelligitur
820 1221 947 1302 proles;
977 1220 1023 1286 ita
1054 1219 1209 1285 memoria

85 1380 89 1389 .
134 1328 279 1413 parentis
303 1346 418 1393 nomen
444 1327 606 1409 aptissime
629 1326 772 1407 suscipit.
819 1325 852 1392 si
876 1344 951 1407 ergo
973 1325 1094 1407 proles,
1125 1343 1209 1407 quae

135 1433 265 1499 omnino
289 1432 328 1498 de
352 1434 417 1499 solo
441 1451 563 1498 summo
588 1431 703 1512 spiritu
733 1437 811 1497 nata
841 1430 1046 1513 est,<proles
1071 1435 1120 1495 est
1143 1449 1208 1496 me·
1264 1430 1267 1435 '

134 1540 257 1605 moriae
288 1539 374 1620 ejus3
412 1537 491 1603 nihil
525 1528 787 1619 consequentius,
822 1555 917 1619 quam
951 1537 1026 1619 quia
1055 1535 1210 1600 memoria

24 1662 31 1675 ·
135 1663 196 1710 sna
219 1647 269 1708 est
292 1642 375 1707 idem
399 1643 478 1725 ipse.
525 1643 652 1724 Quippe
685 1642 805 1710 nonin
830 1641 976 1724 eoquod
1007 1641 1058 1707 sui
1087 1659 1210 1735 memor¹

134 1748 203 1829 est,
243 1747 289 1813 sio
324 1751 375 1813 ost
405 1747 439 1813 in
470 1752 529 1813 sna
561 1748 731 1828 memoria,
765 1749 854 1813 velut
887 1747 950 1811 alia
982 1763 1034 1811 res
1063 1745 1096 1809 in
1128 1747 1208 1825 alia3

135 1850 402 1936 quemadmodum
427 1871 569 1935 eaquae
593 1854 639 1919 sic
661 1856 737 1917 sunt
764 1852 797 1915 in
820 1851 981 1916 humanae
1003 1853 1120 1917 meniis
1143 1871 1209 1917 me-

135 1958 253 2037 moria,
288 1961 411 2022 utnon
441 1958 506 2023 sint
535 1958 607 2039 ipsa
642 1963 754 2023 nostra
786 1955 957 2036 memoria3
992 1955 1050 2021 sed
1084 1956 1129 2022 sic
1159 1958 1211 2022 est

122 2080 257 2132 ,memor
281 2061 346 2141 sui,
369 2066 406 2126 ut
427 2062 498 2143 ipse
522 2063 674 2128 memoria
695 2080 754 2148 sua
770 2063 820 2132 sit.
854 2061 1067 2145 Consequitur
1090 2062 1209 2144 itaque,

136 2172 174 2233 ιιι
195 2166 353 2250 quomodo
376 2167 477 2233 Filius
501 2173 550 2234 est
571 2167 787 2251 intelligentia
820 2167 887 2233 sive
910 2166 1070 2249 sapientia
1092 2166 1209 2247 Patris,

136 2271 182 2336 ita
204 2266 246 2335 sit
269 2275 302 2336 et
324 2273 687 2359 paternaesmemoriae,
733 2271 957 2359 Atxquioquid
975 2267 1085 2336 'Filius
1116 2270 1211 2352 sapit,

40 2452 43 2459 ,
127 2358 195 2440 ιιι
217 2374 386 2459 intelligia
410 2379 481 2461 ejus
504 2378 650 2444 similiter
674 2381 706 2442 et
729 2376 880 2442 meminit.
925 2372 1212 2457 seripturarum

136 2480 290 2546 memoria
312 2480 434 2564 Patris,
471 2487 504 2549 et
526 2483 680 2550 memoria
702 2483 893 2563 momoriae,
916 2482 949 2547 id
972 2485 1035 2561 est,
1059 2480 1213 2557 memoria

136 2604 258 2652 memor
273 2585 396 2670 Patris,
422 2589 476 2673 qui
501 2595 551 2656 est
564 2589 733 2670 memoria,
757 2590 840 2655 siout
858 2595 907 2654 est
921 2586 1082 2668 sapientia
1096 2584 1212 2665 Patria,

138 2694 171 2756 et
193 2692 353 2772 sapientia
376 2688 573 2776 sapientiae,
603 2694 637 2759 id
659 2697 725 2773 est,
749 2691 909 2774 sapientia
932 2691 1061 2771 sapiens
1084 2689 1212 2756 Patrem

138 2795 350 2877 sapientiam:
382 2803 417 2886 et
435 2799 535 2888 Filius
558 2798 689 2882 quidem
711 2797 864 2862 memoria
887 2800 964 2862 nata
988 2796 1028 2860 de
1049 2795 1229 2882 memoria,¹

103 2899 105 2901 ’
140 2900 222 2966 sicut
245 2901 404 2983 sapientia
436 2908 512 2969 nata
547 2903 586 2967 de
619 2902 794 2984 sapientia,
830 2901 928 2968 Pater
962 2921 1037 2967 vero
1062 2901 1101 2967 de
1124 2901 1212 2967 nullo

138 3010 216 3072 nata
236 3008 390 3074 memoria
412 3009 463 3077 vel
486 3008 655 3090 sapientia.
764 3097 768 3105 Ι

529 3180 667 3249 CAPUT
690 3182 805 3247 XLIX.

428 3299 506 3367 Quod
524 3315 643 3356 summus
662 3301 774 3370 spiritus
791 3316 821 3357 se
839 3305 918 3356 amet.

137 3417 359 3488 Conspectus
378 3419 518 3490 capitis.
536 3449 570 3460 —
595 3420 721 3476 Summus
749 3396 873 3494 spiritus,
901 3425 972 3479 siout
989 3421 1032 3477 sui
1051 3436 1153 3477 memor
1171 3426 1213 3477 est

209 3510 237 3570 et
255 3520 284 3561 se
301 3505 441 3575 intelligit,
461 3505 501 3561 ita
520 3520 549 3561 se
568 3511 646 3561 amat.
662 3571 668 3580 ,
683 3508 754 3563 Num
780 3515 808 3564 et
834 3510 894 3580 ipsa
919 3526 994 3565 mens
1022 3507 1164 3583 rationalis
1183 3522 1213 3562 se

208 3598 236 3648 et
253 3592 331 3647 illnm
349 3606 439 3648 amare
458 3608 535 3662 posse
554 3585 724 3649 convincitur
742 3610 776 3649 ex
794 3612 833 3666 eo,
853 3597 924 3666 quod
936 3613 966 3652 se
985 3595 1108 3652 utillum
1125 3593 1213 3665 pessit

98 3746 101 3751 Ι
207 3679 367 3748 intelligere.
751 3699 755 3707 ’
1220 3677 1223 3680 ’

224 3854 289 3920 Sed
321 3874 393 3924 eoae
432 3857 508 3924 dum
545 3855 641 3941 liujus
674 3857 781 3925 Patris
818 3858 956 3941 Filiiquo
992 3857 1210 3938 proprietates

138 3961 455 4049 communionemque
479 3964 710 4033 delectabiliter·
724 3966 868 4044 intueor,
893 3962 973 4029 nihil
988 3963 1219 4032 delectabilius>
