2684 4546
648 294 687 356 to

198 459 233 514 ab
251 463 365 528 utroque
383 474 454 515 unua
471 459 597 533 idemque
614 462 760 532 procedat;
780 463 844 532 quia
862 476 879 517 a
895 463 993 533 Patre}
1013 465 1060 533 qui
1078 465 1202 535 ningulus
1222 473 1227 479 ’

202 553 243 601 est
266 561 384 602 summm
408 546 534 616 spirituo,
560 566 616 604 non
642 550 765 619 procedit
789 551 841 605 nini
859 565 978 606 summus
996 553 1121 621 spiritus,
1141 558 1169 608 ct
1186 569 1214 608 a.

127 694 132 702 ,
200 633 284 709 Filio,
312 634 360 704 qui
378 634 502 704 singulus
519 637 621 706 pariter
639 645 681 692 est
698 653 819 694 summus
846 638 973 708 spiritua,
997 655 1053 694 non
1079 638 1207 708 procedit

201 720 255 774 nisi
273 736 393 776 summus
416 722 544 791 spiritus;
572 728 599 778 et
625 738 642 777 a
668 723 751 779 Patre
777 732 805 779 et
831 724 916 793 Filio,
945 725 992 793 qui
1009 741 1065 780 non
1083 725 1136 781 duo
1155 725 1204 781 ted

202 815 343 864 unuseuut
350 808 477 878 spiritus,
487 825 540 864 non
549 810 696 878 procedere
706 815 796 880 potest
805 811 857 865 nisi
867 826 938 865 unns
947 826 1067 867 summus
1077 813 1199 883 spiritua.

218 950 411 1016 Intuendum
434 953 484 1014 cst
506 949 698 1031 diligenter,
733 956 840 1016 utrum
873 951 938 1016 sint
971 953 1034 1019 duo
1068 972 1203 1034 amurca,

132 1060 217 1120 unus
240 1075 259 1121 a
280 1055 377 1120 Patre
406 1056 600 1136 procedenS,
635 1055 768 1120 altera
797 1056 896 1123 Filio:
932 1074 973 1121 an
1004 1076 1107 1139 unus,
1139 1076 1203 1123 non

133 1161 220 1222 totus
244 1160 283 1224 ab
307 1178 371 1224 nuo
394 1161 590 1241 procedere,
621 1160 679 1225 sed
709 1151 826 1242 partim
857 1179 877 1226 a
899 1161 1014 1242 Patre,
1043 1162 1161 1244 partim
1184 1180 1205 1226 a

132 1258 234 1335 Filio:
258 1279 299 1326 an
323 1281 382 1352 nec
404 1261 534 1345 plures,
566 1282 626 1330 uec
647 1282 731 1329 unus
754 1264 872 1346 partim
894 1265 1073 1346 procedens
1097 1258 1204 1331 asin·

133 1366 233 1446 gulis,
259 1367 423 1433 sedunus
446 1373 533 1435 totus
557 1369 742 1450 actiguis,
766 1374 799 1435 et
820 1370 904 1435 idern
928 1376 1015 1437 totns
1038 1391 1058 1438 a
1079 1372 1205 1438 duobus

132 1469 236 1538 simul.
282 1472 346 1539 Sed
368 1474 549 1556 hujusmodi
580 1475 789 1540 dubitationis
820 1478 977 1542 certitudo
1006 1476 1082 1543 hinc
1110 1476 1205 1542 indu·

133 1574 276 1642 bitanter
298 1579 518 1658 cognoscitur,
551 1581 626 1663 quia
656 1599 721 1661 uon
745 1600 783 1646 ex
815 1601 851 1647 eo
881 1582 1046 1664 procedit,
1078 1582 1111 1646 in
1141 1558 1209 1664 qno¹

131 1679 241 1760 plures
265 1681 342 1747 sunt
363 1682 460 1749 Pater
491 1688 524 1749 et
552 1685 668 1765 Filius,
702 1687 759 1752 sed
783 1705 821 1751 ex
844 1706 905 1766 co,
943 1687 976 1750 in
1010 1703 1072 1768 qno
1103 1698 1204 1750 unum

133 1786 217 1849 sunt.
262 1786 345 1852 Nam
369 1807 433 1853 uon
458 1807 497 1853 ex
519 1789 730 1856 relationibus
762 1790 845 1870 suis,
879 1809 961 1873 quae
985 1791 1097 1871 plures
1119 1795 1205 1875 supt,

133 1887 198 1954 alia
221 1896 271 1955 est
289 1893 378 1958 euim
400 1895 514 1960 relatio
538 1895 661 1974 Patris,
694 1894 758 1960 alia
789 1895 878 1972 Filii3
909 1895 967 1960 sed
990 1913 1029 1958 ex
1050 1895 1123 1977 ipsa
1146 1911 1206 1958 sua

135 1996 293 2078 essentia,
317 2017 399 2080 quac
421 1999 640 2089 pluralitatem
665 2018 727 2064 non
752 2000 907 2080 admittit,
933 2000 1084 2066 emittunt
1108 1998 1206 2065 Pater

134 2104 167 2165 et
199 2101 299 2166 Filius
333 2106 459 2168 tautum
491 2103 614 2184 pariter
648 2104 775 2168 bonum.
807 2104 918 2185 ,Sicut
950 2122 1025 2185 ergo
1060 2103 1207 2184 singulus

132 2204 231 2271 Pater
254 2211 303 2270 est
327 2225 469 2283 summus
492 2208 624 2288 spiritus
648 2214 681 2274 et
702 2208 849 2288 singulus
864 2208 965 2273 Filius
989 2213 1039 2274 est
1061 2225 1206 2274 summus

134 2311 265 2392 spiritus
299 2319 332 2380 et
366 2313 461 2378 simul
490 2313 587 2378 Pater
618 2318 650 2379 et
681 2313 780 2379 Filius
814 2331 878 2379 non
913 2313 996 2392 duo,
1030 2312 1088 2377 aed
1121 2329 1206 2379 unua

134 2415 282 2496 spiritum
318 2418 364 2482 ita
397 2437 417 2483 a
446 2418 572 2498 singulo
595 2418 693 2484 Patre
723 2425 835 2484 manat
862 2421 949 2482 totus
979 2434 1069 2482 arnor
1091 2416 1207 2482 summi

134 2522 267 2605 spiritus
301 2526 333 2588 et
368 2540 387 2587 a
423 2523 548 2605 singulo
571 2523 653 2588 Filio
687 2527 788 2603 totus:
821 2526 854 2588 et
882 2521 977 2588 simul
1007 2514 1156 2587 aPatre‘
1175 2525 1220 2588 et‘

134 2616 216 2694 Filio
241 2646 304 2694 non
328 2627 390 2693 duo
415 2627 490 2708 toti,
513 2626 571 2693 sed
594 2644 677 2692 unns
700 2625 850 2710 idemque
874 2629 969 2692 totns.

552 2778 779 2866 cnrnn'nv.

413 2922 490 2991 Quod
509 2936 563 2976 non
582 2921 618 2977 sit
637 2936 730 3003 eorum
747 2919 834 2975 Filius
851 2935 945 2999 umora

135 3045 356 3115 Conspectus
376 3043 516 3114 capitio.
537 3072 568 3083 -
587 3041 673 3097 Amor
689 3047 781 3096 tamen
798 3041 850 3095 iste
869 3041 1028 3113 neclPatris
1045 3055 1097 3095 neo
1113 3040 1210 3116 Verbi

206 3150 223 3188 a
249 3133 347 3202 quibua
370 3131 506 3201 procedit,
533 3134 575 3184 est
601 3129 702 3198 Filius,
731 3129 795 3197 quia
822 3144 856 3183 ex
880 3145 934 3197 quo
952 3127 986 3183 ab
1005 3127 1061 3181 illie
1078 3125 1208 3196 procedit,

204 3236 260 3274 non
278 3218 364 3273 refert
383 3233 476 3273 eorum
494 3216 716 3272 similitudinem:
734 3218 798 3271 licet
810 3217 920 3270 omnino
933 3215 1005 3269 idem
1023 3214 1058 3268 nit
1077 3213 1149 3283 quod
1168 3219 1209 3269 est

204 3306 287 3360 Pater
305 3311 332 3359 et
350 3303 446 3358 Filius.
482 3303 587 3358 Deinde
606 3304 630 3358 ei
648 3304 740 3372 proles
759 3321 853 3358 eorum
878 3310 932 3373 est,
959 3308 1006 3356 aut
1025 3302 1096 3356 alter
1116 3317 1209 3356 eorum

205 3391 258 3446 erit
276 3397 357 3458 pater
375 3390 446 3458 ejus,
465 3388 535 3443 alter
555 3394 654 3458 mater,
673 3388 745 3458 quod
764 3395 915 3458 repugnat3
944 3404 1005 3444 cnm
1023 3405 1077 3444 non
1096 3389 1209 3444 alitera

205 3479 286 3532 Patre
304 3493 385 3545 quam
402 3493 419 3531 a
435 3476 507 3532 Filio
525 3476 669 3546 procedat:
688 3483 735 3531 aut
747 3483 860 3545 uterque
873 3483 951 3546 pater
969 3479 1025 3532 sive
1044 3482 1131 3531 mater
1149 3476 1209 3545 ejus

206 3572 260 3622 est:
279 3564 356 3619 nulla
373 3571 464 3620 autem
482 3564 580 3621 natura
597 3566 715 3620 admittit
733 3566 784 3621 duc
803 3566 907 3634 aliqua,
934 3581 1005 3634 quae
1023 3554 1131 3634 singula
1149 3562 1217 3632 per·'

204 3655 304 3710 fectam
322 3657 349 3708 et
366 3654 474 3709 omnino
500 3654 622 3709 eamdem
646 3654 681 3709 ad
707 3653 809 3722 aliquid
834 3670 931 3723 unum,
960 3653 1049 3722 patris
1068 3657 1097 3706 et
1115 3651 1210 3705 matris

205 3743 323 3798 habeant
337 3740 534 3798 habitudinem.
640 3790 644 3809 ,

224 3920 309 4000 Quid
344 3919 455 4002 ergo'l·
483 3938 554 3986 cum
585 3917 637 3984 hic
672 3937 760 3984 amor
791 3917 914 4000 pariter
943 3915 1063 3981 habeat
1096 3932 1167 3981 esse
1190 3894 1216 3978 a>

136 4027 234 4094 Patre
257 4031 291 4092 et
311 4025 423 4108 Filio,·
445 4030 478 4093 et
499 4025 544 4092 cic
566 4025 678 4093 similis
701 4025 744 4091 eit
766 4022 941 4102 ambacuc,
964 4025 1001 4087 ut
1023 4020 1213 4087 puteanus,
