2684 4546
651 301 692 363 83

50 530 52 535 ,
136 470 292 554 gignens,
316 475 373 536 aut
395 486 483 536 amor
499 469 539 535 ab
564 469 642 549 alio,
667 469 709 534 ad
731 468 968 535 similitudinem
992 473 1043 538 sui
1059 473 1207 558 Spiritus,

135 576 335 658 procedens;
367 575 424 641 sed
447 573 597 658 quicquid
620 574 744 654 existit,
767 578 894 639 tantum
916 575 1074 658 gignitur,
1105 587 1137 645 et
1160 587 1209 648 est

135 699 241 765 aquo
264 680 404 762 Spiritus
425 679 579 759 procedit.
616 678 770 760 Spiritum
793 698 920 762 quoque
943 700 1006 747 nou
1031 685 1209 765 cogitasse

135 778 266 854 Patrem
296 790 353 850 aut
384 784 518 865 Filium,
551 786 627 865 hoc,
660 784 736 868 quia
769 791 939 851 contentus
974 791 1024 852 e'st
1057 789 1210 856 memoria

136 896 193 957 aut
215 888 432 972 intelligentia
454 893 531 968 sua}
554 906 625 954 cum
650 906 714 953 non
738 887 781 954 sit
802 890 955 955 memoria
977 891 1129 973 gignens,
1153 897 1210 958 aut

126 994 351 1074 'intelligentia
372 993 498 1073 genita,
529 991 588 1058 sed
608 992 728 1072 solum,
764 992 914 1076 quicquid
948 999 1013 1074 cst,
1047 999 1209 1077 procedat.

135 1095 220 1180 Quid
250 1098 349 1179 igitur
378 1096 528 1177 prohibet
557 1097 722 1176 concludi,
753 1097 829 1180 quia
850 1086 934 1164 unus
956 1104 1082 1166 tantum
1105 1108 1155 1167 est
1175 1102 1210 1167 in

136 1221 262 1295 summa
293 1202 435 1268 essentia
451 1201 573 1281 -Pater,
608 1219 692 1266 unus
718 1200 836 1281 Filius,
870 1220 955 1269 nnus
987 1203 1148 1286 Spiritus3
1177 1209 1211 1271 et

137 1311 201 1375 non
225 1311 291 1375 tres
313 1306 448 1389 Patres,
471 1313 529 1374 aut
550 1305 639 1388 Filii,
664 1310 721 1372 aut
743 1305 911 1388 Spiritus?

547 1568 683 1636 cucur
706 1545 808 1635 uun.

272 1705 410 1788 Quomodo
429 1720 464 1761 ex
481 1704 524 1760 his
542 1705 631 1765 tribus
648 1704 742 1774 plures
757 1704 808 1761 filii
825 1705 900 1761 nasci
918 1706 1071 1764 videantur.

139 1829 358 1898 Conspectus
376 1827 517 1897 capitis.
535 1856 570 1868 -
595 1826 665 1913 Cum
681 1825 804 1896 singulus
822 1827 937 1896 quisque
954 1827 1062 1884 illorum
1079 1831 1163 1885 trium
1180 1847 1210 1889 se

209 1923 238 1972 ct
254 1916 322 1971 alios
337 1915 486 1984 intelligat,
506 1915 539 1969 ac'
549 1914 664 1983 proinde
676 1913 763 1983 dicat,
781 1913 889 1971 videtur
907 1914 980 1984 quod
997 1917 1120 1987 singulus
1138 1918 1210 1988 quis·

152 2064 156 2071 ,
211 2019 264 2073 que
281 2002 415 2072 producat
433 2018 512 2059 suum
523 2001 644 2058 Verbum
653 2017 702 2058 seu
714 2001 831 2058 Filium:
849 2006 877 2058 et
894 2001 968 2070 quod
984 2003 1099 2072 proinde
1116 2004 1210 2076 plures

210 2091 267 2146 sint
282 2090 355 2146 Filii.

225 2266 289 2333 Sed
312 2285 353 2332 ne
375 2264 459 2331 forte
482 2268 641 2346 repugnet
663 2262 738 2328 huic
760 2263 930 2329 assertioni
954 2264 1040 2346 quod
1062 2265 1208 2331 intueor:

67 2367 68 2370 ’
136 2391 209 2437 nam
234 2373 365 2438 dubium
388 2388 459 2437 esse
483 2389 547 2435 non
579 2370 689 2451 debet,
723 2368 799 2450 quia
820 2368 938 2450 Pater,
973 2373 1007 2432 et
1028 2366 1143 2449 Filius,
1177 2373 1210 2433 et

137 2494 245 2542 eorum
262 2477 419 2558 Spiritus,
442 2462 664 2571 unusquisque
680 2464 820 2555 seipsum
836 2479 870 2538 et
885 2473 966 2539 alios
983 2473 1093 2539 ambos
1117 2473 1209 2553 dicit;

136 2579 218 2649 sicut
247 2599 299 2664 se,
331 2585 363 2646 et
392 2579 472 2646 alios
502 2579 663 2658 intelligit.
709 2577 802 2657 Quod
833 2578 860 2642 si
882 2578 929 2642 ita
952 2583 1017 2657 est,
1052 2578 1209 2660 quomodo

137 2703 201 2750 uon
214 2688 301 2752 ¹sunt
322 2685 355 2750 in
380 2702 505 2750 summa
528 2682 669 2750 essentia
691 2686 740 2747 tot
761 2680 879 2761 Verba,
903 2668 982 2763 dunt
1004 2685 1080 2745 sunt
1101 2680 1208 2744 dicen-

136 2791 203 2868 tes,
227 2793 259 2853 et
282 2795 360 2872 quot
383 2793 460 2853 sunt
484 2788 538 2870 qui
561 2786 738 2854 dicuntur?
762 2784 797 2852 Si
820 2785 905 2850 enim
923 2783 1039 2866 plures
1061 2784 1208 2850 homines

135 2909 234 2956 unum
258 2878 380 2972 aliquid
404 2893 599 2974 cogitatione
634 2892 760 2970 dicant,
794 2895 843 2956 tot
873 2890 944 2973 ejus
966 2889 1114 2954 videntur
1138 2908 1209 2955 esse

75 3011 81 3029 ·
133 2994 251 3074 verba,
275 3000 352 3075 quot
367 3001 442 3061 sunt
457 2998 650 3078 cogitantes3
673 2996 750 3077 quie
771 2995 804 3059 in
821 2993 1020 3073 singulorum
1044 2993 1208 3072 cogitatio-

136 3097 230 3162 nibus
262 3099 395 3164 verbum
433 3100 503 3183 ejus
535 3105 593 3166 est.
639 3099 737 3175 Item,
771 3100 798 3164 si
836 3116 921 3164 unus
959 3097 1052 3163 homo
1091 3097 1210 3181 cogitat

135 3202 242 3286 aliqua
263 3202 375 3284 plura,
410 3209 459 3270 tot
481 3207 580 3273 verba
608 3198 683 3271 sunt
712 3203 748 3269 in
767 3209 876 3270 mente
907 3186 1096 3284 cogitantis,
1131 3206 1210 3283 quot

135 3310 211 3370 sunt
244 3324 297 3371 res
332 3309 499 3392 cogitatae.
546 3309 611 3376 Sed
645 3309 679 3374 in
716 3307 853 3374 hominis
891 3308 1100 3388 cogitatione,
1138 3324 1208 3372 cum
1275 3392 1278 3397 ,

136 3411 253 3492 cogitat
275 3413 395 3494 aliquid
411 3417 495 3497 quod
513 3424 604 3481 extra
628 3415 698 3498 ejus
721 3419 862 3480 mentem
886 3419 952 3493 est,
976 3408 1041 3476 non
1064 3410 1209 3476 nascitur

135 3514 268 3580 verbum
301 3517 459 3597 cogitatae
490 3520 537 3584 rei
567 3539 605 3585 ex
635 3520 708 3600 ipsa
735 3536 789 3596 re;
824 3517 994 3599 quiaipsa
1016 3515 1134 3580 absens
1158 3519 1208 3578 est

135 3634 155 3681 a
179 3618 380 3700 cogitationis
403 3620 538 3703 intuitu,
569 3623 627 3687 scd
657 3642 696 3688 ex
723 3621 772 3687 rei
796 3622 905 3703 aliqua
926 3618 1134 3685 similitudine
1157 3615 1208 3680 vel

135 3719 293 3803 imagine,
318 3741 402 3805 quae
426 3729 475 3790 est
498 3725 531 3790 in
556 3726 727 3804 cogitantis
744 3725 913 3803 memoris,
937 3727 994 3789 aut
1015 3719 1100 3786 forte
1123 3738 1207 3802 quae

128 3829 227 3905 tuuc,
259 3845 330 3892 cum
362 3827 498 3908 cogitat,
525 3847 585 3909 per
614 3846 803 3910 corporeum
833 3838 964 3893 sen'sum
995 3816 1034 3888 eir
1057 3843 1091 3888 re
1113 3824 1206 3906 prae·
1327 3874 1334 3892 .-

135 3929 219 3992 senti
242 3929 274 3992 in
297 3935 438 3996 mentem
461 3931 644 3997 attrahitur.
688 3930 727 3995 In
750 3948 971 3997 summatem
996 3928 1138 3993 essentia
1160 3931 1206 3994 sic

135 4030 196 4098 ribi
218 4050 346 4114 semper
369 4039 447 4100 sunt
472 4040 662 4116 praesentes
685 4034 799 4114 Pater,
830 4040 863 4098 et
893 4033 1011 4113 Filius,
1041 4036 1206 4098 eteorum

949 4143 968 4202 6
979 4138 997 4178 ’lt
