2684 4546
587 261 686 349 '43

134 454 242 538 potius
280 452 483 534 intelligatur
516 470 589 519 esse
621 453 654 518 in
689 452 838 520 omnibus
871 470 955 536 quae
986 457 1079 534 sunt,
1111 471 1207 538 qnam

135 562 261 625 tautum
290 556 324 622 in
355 556 503 622 omnibus
536 556 629 637 locis,
658 565 735 623 'cum
758 556 845 622 hunc
865 555 1061 624 intellectum
1095 558 1208 625 atrei

135 661 255 737 veritas
279 659 444 740 exhibeat,
477 665 510 726 et
539 661 610 743 ipsa
638 660 748 727 localis
770 660 862 726 uerbi
881 661 1064 742 proprietas
1088 678 1207 746 nequa·

135 783 231 848 quam
262 763 438 846 probibeat.
484 763 629 830 Solemus
662 782 800 847 namque
832 763 948 831 localia
980 766 1079 834 uerba
1110 782 1208 847 saepe

135 867 462 950 irreprehensibiliter
485 870 664 935 attribuere
698 870 811 950 rebus,
843 887 927 951 quae
951 888 1009 936 nec
1030 871 1100 936 loca
1122 874 1208 950 sunt,

136 992 196 1040 uec
226 973 519 1053 circumscriptione
546 973 638 1038 locali
669 973 891 1052 continentur,
929 973 1018 1040 velut
1047 974 1074 1038 si
1106 974 1230 1044 dicam.

135 1077 180 1144 ibi
203 1094 274 1142 esse
297 1077 497 1142 intellectum
519 1076 695 1155 inanima,
720 1077 773 1141 ubi
797 1082 847 1142 est
868 1077 1080 1143 rationalitas.
1126 1076 1208 1142 Nam

136 1200 208 1264 cnm
230 1181 294 1261 ibi,
320 1187 352 1247 et
374 1181 446 1261 ubi,
470 1180 624 1246 adverbia
645 1180 761 1246 localia
784 1181 866 1264 siut;
897 1199 962 1246 non
985 1186 1091 1247 tamen
1114 1178 1208 1246 locali

136 1283 431 1365 circumscriptione
445 1292 502 1352 aut
517 1286 623 1351 anima
638 1285 780 1352 continet
795 1285 932 1366 aliquid,
955 1290 1012 1350 aut
1026 1284 1209 1350 intellectus

137 1394 194 1456 aut
216 1391 419 1456 rationalitas
442 1391 631 1457 continetur.
678 1390 786 1468 Quare
810 1405 936 1454 summa
957 1392 1074 1453 natura
1095 1405 1210 1453 secun·

136 1495 211 1559 dum
236 1494 283 1558 rei
306 1497 490 1577 veritatem,
522 1496 629 1578 aptius
660 1494 776 1560 dicitur
799 1494 916 1577 ubique
940 1510 1011 1558 esse
1034 1491 1208 1558 secundum

136 1595 225 1664 hanc
243 1597 526 1680 significationem,
551 1605 586 1665 ut
607 1599 808 1679 intelligatur
829 1616 899 1665 esse
914 1600 947 1665 in
964 1596 1111 1663 omuibus
1126 1611 1211 1677 quae

137 1707 232 1779 sunt,
255 1721 350 1786 quam
372 1704 400 1770 si
422 1705 623 1785 intelligatur
646 1710 772 1770 tantum
802 1705 834 1770 in
866 1704 1014 1770 omnibus
1036 1699 1123 1768 locis.
1167 1699 1210 1764 Et

137 1806 306 1888 quoniam,
340 1809 423 1875 sicut
452 1827 552 1891 supra
575 1809 739 1892 expositae
771 1807 914 1874 rationes
949 1808 1082 1885 donent,
1115 1802 1210 1869 aliter

137 1925 209 1976 esse
232 1929 296 1975 nou
319 1917 444 1993 potest:
475 1931 607 1980 necesse
638 1919 700 1988 est,
719 1931 789 1978 eam
821 1912 868 1979 sic
896 1929 967 1978 esse
997 1911 1031 1975 in
1063 1907 1210 1975 omnibus

122 2019 221 2097 ‘quae
241 2018 336 2104 suut,
366 2023 404 2083 ut
434 2036 500 2084 una
522 2019 698 2100 eademque
720 2014 864 2098 periente
897 2021 966 2082 tota
996 2013 1090 2080 simul
1113 2010 1157 2078 sit
1176 2010 1208 2075 in

141 2117 284 2200 singulis.
981 2128 986 2134 ·

534 2361 674 2430 CAPUT
696 2361 814 2429 XXIV.
843 2355 845 2361 ’

142 2496 281 2568 Quomodo
299 2499 397 2556 melius
410 2497 524 2569 intelligi
535 2500 634 2570 possit,
652 2514 712 2556 esse
724 2467 842 2570 semper,
860 2513 940 2570 quam
952 2499 980 2554 in
993 2496 1066 2556 omni
1078 2502 1209 2566 tempore.

140 2620 363 2692 Conspectus
378 2682 379 2689 ,
393 2621 535 2692 eapitis.
565 2610 598 2663 -'
630 2621 740 2677 Summa
757 2625 855 2676 natura
871 2637 926 2676 uon
944 2620 1027 2675 habet
1045 2616 1210 2689 principium

174 2764 179 2776 ,
210 2715 257 2763 aut
276 2707 370 2776 finem,
390 2723 440 2762 nec
458 2721 601 2776 praesens,
626 2707 803 2775 praeteritum
827 2711 875 2759 aut
897 2705 1033 2773 futurum,
1059 2718 1129 2772 quae
1146 2707 1211 2756 suut

175 2783 179 2792 “
214 2794 376 2864 temporales
404 2793 588 2863 differentiae3
623 2795 751 2862 quoniam
777 2794 921 2848 aeternitas
945 2793 1018 2863 ejus,
1046 2805 1115 2859 quae
1142 2787 1210 2844 nihil

213 2882 286 2937 aliud
304 2888 346 2937 est
363 2897 443 2950 quam
465 2882 543 2951 ipsa,
569 2881 747 2937 immutabilis
774 2885 802 2936 et
827 2881 885 2937 sine
911 2879 1035 2950 partibus
1059 2883 1107 2934 cst.
1143 2875 1210 2932 Cum

211 2979 275 3034 ergo
293 2983 345 3021 vox
362 2983 468 3037 semper
485 2968 570 3036 magis
587 2967 697 3037 proprie
714 2966 849 3037 significet
870 2967 1071 3033 aeternitatem,
1098 2971 1126 3020 et
1143 2969 1210 3018 tenu·

213 3066 265 3122 pus
292 3051 363 3106 dicat
388 3054 561 3123 varietatem,
587 3053 682 3120 'magis
714 3069 831 3123 congrue
856 3068 961 3108 summa
987 3058 1086 3106 natura
1112 3049 1211 3103 dieitur

213 3153 321 3208 semper
339 3154 411 3205 esse,
438 3154 517 3208 quam
537 3155 595 3196 esse
619 3141 648 3196 iu
672 3141 899 3211 omnitempore.
934 3140 971 3195 Et
988 3153 1050 3194 cum
1067 3136 1211 3194 aeternitas
1267 3132 1273 3136 ’

211 3226 247 3283 sit
263 3227 474 3284 interminabilis
492 3227 550 3282 rita
575 3228 655 3284 simul
680 3229 802 3298 perfecte
827 3234 886 3284 tota
914 3227 1046 3295 existens,
1071 3223 1121 3279 soli
1147 3221 1211 3277 huie

210 3321 326 3370 naturae
344 3329 465 3370 summae
488 3316 625 3386 convenit,
651 3332 721 3384 quae
744 3316 879 3388 principio
904 3321 932 3371 et
948 3313 1003 3368 fine
1021 3317 1049 3366 et
1065 3309 1138 3365 omni
1157 3313 1210 3364 ter·

211 3403 286 3458 mino
303 3409 385 3460 caret.
932 3410 940 3418 ’

228 3577 383 3643 Eamrlem
407 3597 533 3661 quoque
556 3597 713 3644 summam
741 3563 954 3646 substantiam
984 3578 1111 3645 constat
1141 3572 1211 3638 siue

139 3680 298 3764 principio
322 3688 355 3748 et
376 3682 447 3747 siue
469 3680 531 3747 fine
555 3699 643 3774 esse3¹
670 3702 730 3749 nec
752 3682 872 3749 habere
899 3680 1126 3769 praeteritum,
1155 3680 1211 3740 aut

141 3783 304 3866 futurum,
335 3804 395 3852 nec
426 3786 618 3867 temporale,
650 3788 710 3854 boc
733 3794 800 3868 est,
828 3788 925 3879 labile
945 3801 1120 3871 praesens,
1147 3801 1210 3866 quo

141 3888 201 3954 nos
235 3890 370 3972 utimur,
405 3890 555 3973 quoniam
590 3895 680 3956 aetas
712 3893 779 3959 sire
813 3893 991 3959 aeternitas
1024 3891 1095 3973 ejus
1126 3905 1211 3971 quae

140 3989 222 4068 nibil
246 3991 334 4060 aliud
357 3999 408 4062 est
430 4012 526 4078 quam
548 3995 870 4078 ipsa,'immutabilis
900 4001 934 4065 et
957 3997 1034 4079 sine
1062 3993 1211 4078 partibus
