2684 4546
653 257 700 319 si·

136 413 209 493 esse
238 425 271 491 iu
302 425 358 492 illa
386 442 465 494 vera
493 426 598 508 imago
631 425 719 492 illius
752 424 929 506 essentiae,
963 442 1048 509 quac
1076 443 1136 508 per
1158 423 1210 493 sui

135 530 341 610 memoriam,
382 531 709 613 et·intelligentiam,
745 536 778 597 et
809 547 950 597 amorem
982 531 1016 596 iu
1050 531 1210 599 Trinitats

70 646 73 653 ·
135 634 292 703 ineffabili
317 636 472 705 consistit.
516 639 583 704 Aut
616 642 704 704 certe
735 637 811 704 inde
841 637 950 704 verius
970 653 1043 702 esse
1064 634 1152 701 iliius
1174 651 1210 701 sa

133 742 251 826 probat
265 736 460 822 'imaginem
494 743 570 826 quia
602 742 688 809 iilius
718 747 827 825 potest
859 759 931 809 esso
953 758 1094 819 memor,
1123 738 1210 807 illam

61 898 63 902 .
134 847 320 928 intelligere
343 852 516 921 clamare.
560 848 600 915 In
630 867 692 933 quo
721 848 808 914 enim
831 848 934 931 major
963 851 1012 913 est
1042 841 1075 911 et
1096 843 1144 910 iili
1166 842 1209 909 si·

134 953 256 1033 milior,
278 952 313 1017 in
337 971 374 1018 eu
390 953 497 1019 verior
510 954 597 1020 illius
613 973 686 1020 esse
700 955 807 1034 imago
823 953 1036 1034 cognoscitur.
1058 950 1207 1017 'Omnino

135 1063 245 1124 autem
268 1057 402 1137 cogitari
426 1076 490 1124 non
512 1064 621 1141 potest
651 1059 801 1125 rationali
824 1061 992 1125 creaturae
1014 1053 1208 1120 naturaiiter

135 1181 208 1241 esse
232 1161 342 1228 datum
365 1162 572 1245 aliquidtam
605 1164 814 1246 praecipuum
845 1167 974 1245 tamque
996 1159 1100 1225 simile
1122 1176 1209 1225 sunr-

135 1286 208 1335 mae
231 1267 410 1350 sapientiae
432 1286 527 1352 quarn
550 1268 629 1350 hoc,
658 1269 734 1353 quia
763 1272 871 1350 potest
892 1264 1071 1343 reminisci,
1105 1267 1138 1327 et
1159 1262 1209 1328 in·

135 1373 299 1455 telligere,
331 1377 364 1439 et
394 1391 504 1440 amare
537 1374 571 1440 id
603 1374 688 1458 quod
716 1373 873 1456 optimum
902 1375 935 1436 et
965 1367 1137 1434 maximum
1160 1369 1210 1432 est

135 1478 285 1545 omnium.
328 1476 416 1544 Nihil
437 1479 537 1559 igitur
559 1479 647 1547 aliud
670 1482 721 1545 est
749 1477 888 1544 inditum
910 1474 1007 1543 alicui
1029 1475 1208 1549 creaturae,

117 1582 224 1668 cuod
246 1582 292 1649 sic
312 1580 480 1664 praeferat
501 1584 673 1666 imaginem
696 1583 857 1651 creatoris.

516 1805 656 1874 carus
679 1766 823 1873 uxum.
923 1842 929 1847 -

251 1942 329 2021 Quod
346 1942 487 2000 rationalis
505 1948 633 2000 creatura
652 1910 849 1998 adamantium
866 1937 943 1995 iilam
960 1935 1033 1994 iacta
1051 1935 1095 1991 sla

136 2067 350 2138 Conspectus
368 2069 509 2140 capitis.
535 2098 570 2109 -
596 2069 670 2138 Ergo
688 2082 765 2124 mena
784 2066 925 2129 rationalis
942 2063 1012 2122 nillil
1029 2068 1136 2121 tautum
1153 2066 1209 2117 stn-

207 2155 271 2217 ciere
300 2155 393 2233 debet,
416 2156 501 2226 'quam
527 2156 598 2213 hanc
621 2157 767 2223 imaginem
790 2154 949 2210 naturaiiter
972 2153 1025 2209 sibi
1048 2152 1210 2220 impressam

203 2244 452 2314 per-voluntarium
478 2243 603 2300 effectum
630 2243 790 2312 exprimere.
831 2243 907 2310 Ergo
933 2257 994 2297 cum
1023 2239 1208 2310 praecipuum,

205 2330 277 2399 quon
302 2336 404 2400 potest,
433 2331 469 2400 sit
498 2329 636 2387 reminisci
663 2335 691 2387 et
716 2329 872 2398 intelligere
905 2333 938 2383 et
958 2342 1050 2383 amare
1075 2319 1230 2380 summum'

203 2419 317 2486 bunum,
344 2416 374 2474 id
400 2417 547 2488 praecipue
574 2417 654 2475 debet
681 2416 766 2474 velle:
794 2433 864 2487 quaa
880 2417 953 2473 euim
970 2414 1083 2471 meliora
1100 2409 1209 2467 suntin

205 2510 359 2575 potestate,
389 2521 422 2561 ea
447 2505 533 2574 magis
560 2520 619 2561 esse
646 2505 747 2562 debent
773 2506 802 2561 in
826 2506 975 2561 uoluntate.
1019 2500 1125 2558 Deinde
1153 2514 1209 2553 non

204 2593 279 2648 aliud
296 2598 338 2648 ert
356 2608 416 2648 esse
433 2591 605 2662 rationalem,
631 2608 713 2663 quam
730 2608 811 2662 posse
829 2592 984 2647 discernere
999 2590 1104 2660 justum
1120 2600 1138 2640 a
1154 2591 1209 2642 nou

202 2681 292 2749 justo,
317 2694 410 2735 rerum
428 2695 444 2735 a
461 2696 515 2735 non
533 2696 611 2750 vero,
634 2680 736 2735 bonum
755 2696 772 2735 a
790 2694 844 2736 nou
862 2680 948 2749 bono,
971 2677 1057 2746 magis
1074 2676 1175 2730 bonum
1193 2686 1209 2727 a

205 2768 294 2823 minus
320 2768 399 2824 bono.
435 2769 553 2824 Frustra
579 2773 671 2824 autem
696 2768 751 2824 ista
776 2772 867 2838 potest
893 2765 946 2821 nisi
972 2764 1045 2834 quod
1072 2761 1209 2832 dicernit,

206 2859 278 2908 amet
295 2854 339 2909 vel
356 2856 496 2927 reprobet,
515 2856 664 2912 secuudum
675 2873 756 2914 rerae
775 2855 943 2912 discretionis
957 2853 1104 2925 judicium
1123 2850 1209 2920 magis

205 2941 329 2996 videlicet
346 2943 389 2997 vel
406 2944 496 2999 minus
514 2944 644 3015 amando,
668 2945 741 3014 quod
758 2945 844 3013 magis
862 2943 905 2998 vei
923 2943 1012 2997 minus
1029 2941 1130 2997 bonum
1148 2954 1208 2994 esse

203 3025 317 3096 judicat.
353 3028 428 3097 Ergo
445 3029 585 3084 rationalis
603 3036 729 3085 creatura
746 3030 780 3085 ad
797 3028 850 3084 hoc
868 3030 941 3085 fucta
958 3033 1011 3097 est,
1030 3035 1062 3082 ut
1078 3041 1209 3082 summam

206 3112 363 3192 essentiam,
387 3129 457 3183 quae
475 3121 518 3170 est
534 3130 668 3170 summum
685 3117 799 3186 bonnm,
824 3120 897 3172 amet
914 3114 1104 3186 superomnia
1119 3113 1207 3180 bona;

166 3215 169 3218 ⁴
205 3202 259 3258 imo
276 3207 310 3272 ut
325 3200 395 3256 nihil
413 3209 484 3257 amet
501 3202 660 3276 nisiil1am,
678 3203 743 3272 quia
754 3203 803 3260 iila
816 3208 858 3261 est
875 3204 948 3273 bona
964 3219 1014 3275 per
1031 3219 1076 3275 se,
1095 3208 1123 3260 et
1140 3200 1209 3258 nihil

206 3294 254 3344 est·
265 3291 365 3344 bouum
382 3289 436 3345 nisi
452 3305 503 3360 per
521 3289 603 3347 iliam.

225 3462 386 3547 consequi
422 3466 532 3549 itaque
568 3466 711 3547 videtur,
747 3469 834 3552 quod
862 3469 1028 3537 rationalis
1060 3475 1208 3553 creatura
1249 3486 1254 3499 ¹

136 3567 213 3634 nihii
245 3572 369 3634 tautum
402 3568 499 3635 debet
528 3571 674 3649 studere,
704 3589 800 3653 quam
833 3572 915 3639 hano
946 3574 1116 3654 imaginem
1147 3575 1207 3640 sibi

134 3691 194 3754 per
230 3670 412 3738 naturalem
448 3674 625 3754 potentiam
659 3675 846 3756 impressam
867 3689 947 3760 ‘per
989 3676 1207 3742 voluntarium

137 3775 286 3842 effectum
309 3776 496 3858 exprimere.
541 3777 669 3843 Etenim
692 3785 823 3867 praeter
855 3783 933 3863 hoc,
964 3780 1049 3865 quod
1084 3781 1207 3846 creanti

136 3898 172 3947 se
196 3881 293 3951 debet
313 3881 374 3948 hoc
394 3881 500 3962 ipsum
522 3882 607 3965 quod
636 3885 701 3948 est:
734 3882 810 3953 hinc
843 3892 986 3967 quoque,
1022 3883 1098 3965 quia
1128 3885 1206 3950 nihil

136 3989 203 4052 tarn
222 3986 434 4068 ‚praeupuum
463 4004 577 4087 posse,
608 4005 704 4071 quam
732 3989 894 4057 reminisci
916 3993 960 4064 et,
970 3986 1151 4069 intelligere
1174 3993 1208 4055 et
