2684 4546
650 258 767 349 aa!

131 424 262 491 Etenim
294 425 400 507 ipsum
431 426 529 493 idem·
550 424 687 506 bunum,
721 427 806 507 qnod
821 426 883 493 'siu
912 444 948 492 se
976 429 1078 494 amari
1099 429 1207 511 exigit,

133 546 199 594 nnn
222 529 329 594 miuus
351 547 386 595 se
409 530 449 596 ab
474 532 603 594 amante
627 529 804 594 desiderari
826 529 918 610 cogit.
962 529 1044 596 Nam
1068 532 1140 614 quis
1162 534 1209 601 siu

133 637 221 698 amet
240 632 419 715 justitiam,
442 633 628 714 veritatem,
651 633 902 714 beatitudiuem,
924 635 1208 718 incorruptibilita-

132 742 215 818 tem,
238 743 277 802 ut
296 738 347 804 his
369 735 434 804 irui
456 757 520 805 nnn
544 738 702 820 appetat?
727 738 812 818 Quid
834 755 911 820 ergo
933 756 1058 805 summa
1080 740 1208 807 bonitas

133 841 292 908 retribuet
313 843 440 909 amanti
468 848 501 908 et
531 843 727 909 desideranti
760 862 795 910 se
829 843 890 909 uisi
922 844 1089 926 seipsam?
1124 845 1208 911 Nam

133 947 284 1029 quiequid
300 947 388 1013 aliud
397 938 528 1027 tribuat,
550 966 614 1014 non
631 947 797 1027 retribuit3
815 949 891 1030 quia
906 967 966 1015 nec
981 956 1208 1030 compensatur

133 1050 247 1145 amori,
261 1069 322 1118 nea
344 1051 528 1118 consolatur
549 1058 728 1133 amantem,
758 1071 818 1120 nee
841 1053 938 1120 satiat
961 1054 1207 1121 desiderantem.

108 1158 201 1224 dut
222 1155 250 1221 si
272 1173 307 1222 se
337 1156 407 1223 vult
438 1156 539 1222 amari
572 1161 606 1220 et
636 1155 832 1237 desiderari,
861 1162 898 1221 ut
928 1157 1017 1225 aliud
1040 1159 1207 1239 retribuat,

133 1276 198 1325 nun
221 1277 257 1325 se
279 1261 348 1326 vult
370 1261 471 1326 amari
490 1266 524 1327 et
545 1260 725 1327 desiderari
748 1265 882 1342 propter
911 1279 965 1342 se,
996 1261 1054 1327 sed
1075 1247 1208 1344 propter

134 1363 244 1444 uliud;
267 1365 368 1432 etsie
391 1384 455 1431 nou
479 1366 599 1432 vultse
614 1366 729 1447 amari,
752 1365 810 1431 sed
827 1365 934 1431 aliud:
957 1364 1043 1448 quod
1066 1366 1207 1446 cogitare

134 1465 227 1533 naias
259 1473 318 1533 est.
363 1467 448 1533 Nihil
483 1487 559 1550 ergo
592 1469 698 1544 verius
730 1487 826 1552 quam
859 1469 946 1550 quod
972 1469 1075 1535 omnis
1099 1470 1208 1535 anima

133 1571 320 1654 radoualis,
344 1572 388 1652 si,
411 1572 678 1654 quemadmodum
702 1574 815 1655 debet,
838 1573 968 1656 studeat
990 1574 1126 1640 amando
1152 1573 1207 1639 de·

133 1675 279 1743 siderare
315 1677 472 1742 summam
517 1662 769 1765 beatitudinem,
820 1678 994 1760 aliquando
1039 1678 1126 1743 illam
1165 1677 1207 1744 ad

134 1777 307 1845 fruendum
327 1779 504 1862 pereipiat,
527 1786 563 1844 ut
579 1782 665 1863 quod
681 1798 767 1845 unua
789 1781 876 1847 uidet
900 1782 993 1864 quasi
1008 1803 1073 1863 per
1094 1801 1206 1865 spaera·

135 1883 202 1950 lum
224 1889 258 1949 et
279 1877 513 1970 inneniqmute,
535 1891 614 1952 tunc
637 1886 745 1953 uideat
764 1886 851 1967 faeie
871 1886 1059 1967 adfaciem.
1091 1886 1206 1952 Utrum

135 1992 243 2054 autem
266 2006 305 2053 sa
328 1989 416 2054 sine·
432 1987 496 2055 fine
528 1988 674 2071 fruatur,
707 1989 855 2056 dubitare
889 1989 1113 2055 stultissimum
1137 1993 1206 2066 est;

134 2088 291 2176 quoniam
319 2094 373 2159 illa
393 2089 518 2162 ‘fruens
551 2115 611 2162 nee
641 2095 755 2160 timore
790 2095 933 2177 torqueri
967 2094 1102 2176 poterit,
1147 2111 1207 2159 uec

134 2194 243 2263 fallaci
265 2199 438 2266 securitate
463 2200 583 2281 decipi,
617 2219 678 2265 uec
711 2199 781 2280 eJus
813 2198 1026 2279 indigentiam
1055 2198 1123 2281 jam
1152 2216 1207 2262 ex·

133 2308 226 2385 perta
249 2303 335 2370 illam
362 2305 481 2387 poterit
505 2324 569 2370 nou
585 2322 712 2382 amure3
735 2322 795 2370 neu
817 2303 874 2370 illa
895 2304 1023 2370 deseret
1044 2304 1206 2366 amantem

134 2423 184 2488 se,
208 2427 268 2474 uec
290 2409 409 2498 aliquid
433 2402 698 2491 erit'potennus,
730 2410 815 2492 quod
847 2428 902 2475 eas
925 2412 1055 2491 separet
1077 2406 1205 2472 inuitas.

134 2512 242 2592 Quare
275 2532 497 2597 quaecumque
520 2515 628 2584 anima
650 2532 777 2582 summa
799 2514 998 2582 beatitudine
1020 2511 1119 2580 semel
1142 2509 1207 2576 frui

132 2618 297 2699 eoeperit,
321 2624 455 2686 aeterne
478 2620 573 2686 beata
595 2620 666 2686 erit.
1198 2637 1201 2645 ·

439 2964 442 2969 ¹
530 2880 671 2948 carun
693 2879 808 2947 uam.

326 3011 405 3080 Quod
422 3014 496 3068 illem
514 2992 691 3072 mutemuens
708 3019 820 3070 aeterne
837 3015 939 3070 misera
955 3015 1003 3069 sit.

132 3135 349 3206 Conspectus
362 3123 507 3210 'eapitis
529 3169 561 3181 -
591 3141 617 3195 Ε
644 3137 782 3195 contrario
809 3128 856 3207 qui
880 3136 979 3192 summi
1003 3135 1069 3192 boni
1088 3151 1206 3192 amoram

202 3225 373 3298 contemnet,
400 3231 509 3283 aeterne
535 3227 617 3285 miser
642 3226 710 3283 erit:
738 3241 801 3282 nam
819 3224 861 3282 vel
879 3224 986 3281 desinet
1010 3238 1083 3294 esse,
1110 3223 1153 3278 rel
1176 3223 1206 3278 in

202 3306 315 3368 aeterna
332 3315 386 3371 erit
403 3315 519 3372 miseria
554 3315 619 3372 Nou
636 3313 739 3371 suffieit
756 3319 845 3370 autem
863 3312 898 3368 ad
915 3326 1042 3382 poenam,
1061 3310 1131 3381 quud
1151 3327 1205 3366 nnn

201 3397 254 3467 sit;
279 3407 351 3456 esset
368 3403 439 3457 enim
456 3407 518 3472 pust
535 3402 642 3473 eulpam
660 3400 702 3471 id,
731 3399 803 3471 quod
822 3406 886 3455 ante
901 3393 1012 3469 'eulpam
1030 3396 1096 3468 tutu
1121 3403 1150 3454 et
1166 3399 1206 3453 sic

198 3483 306 3553 justitia
323 3503 378 3542 nnn
397 3488 563 3546 discerneret
580 3491 655 3546 iuter
668 3488 706 3559 id,
726 3489 798 3558 quod
815 3487 921 3543 nullum
938 3487 1039 3543 bouum
1056 3492 1159 3557 potest,
1177 3491 1206 3540 et

114 3570 123 3583 ⁸
201 3570 308 3626 nullum
326 3575 426 3629 malum
443 3576 514 3646 vult,
541 3583 569 3632 et
593 3576 622 3632 id
648 3575 722 3645 quod
747 3575 893 3650 maximum
919 3574 1020 3630 bonum
1046 3578 1150 3644 puteat,
1178 3575 1206 3625 et

200 3658 350 3714 nummum
367 3660 468 3717 malum
485 3663 552 3718 vult.
587 3665 620 3719 Iu
648 3667 761 3719 aeterua
783 3679 847 3734 ergo
865 3665 919 3720 erit
943 3662 1067 3733 miseria,
1090 3660 1113 3715 si
1134 3672 1204 3714 sum·

201 3759 274 3800 mam
292 3750 435 3833 essentiam
453 3764 544 3806 amare
561 3755 723 3806 contemnat

220 3865 307 3936 Hinc
328 3871 441 3953 ntique
464 3875 697 3953 cousequenter
720 3871 895 3954 colligitur,
918 3868 1004 3952 quod
1024 3866 1097 3948 illa,
1120 3884 1204 3951 quae
1324 3861 1331 3871 '

133 3973 250 4037 summi
270 3973 346 4040 bani
376 3995 518 4043 amorem
551 3974 743 4055 contemnit,
778 3980 943 4041 aeternam
973 3971 1132 4038 miserim
1155 3972 1204 4038 in÷
