2684 4546
653 280 694 342 7³

135 450 170 515 in
192 447 255 516 illis
278 448 558 531 contemplandum
576 448 721 528 invenio,
744 466 840 531 quem
855 448 958 514 mutui
974 450 1090 516 amoris
1114 448 1208 517 effec-

135 560 214 621 tum.
259 554 361 633 Quem
386 552 471 617 enirn
503 553 643 618 absurde
672 560 809 637 negetur
839 571 981 619 summus
1010 556 1144 637 spiritus
1173 575 1208 623 se

136 676 264 739 emere,
298 659 379 725 sieut
409 658 458 724 sui
489 676 610 725 memor
632 664 699 740 est,
736 663 769 724 et
801 677 836 725 se
869 659 1034 741 intelligit!
1073 680 1143 726 eum
1176 666 1209 726 et

136 781 227 831 ruens
250 763 419 857 rationelis
443 768 476 830 et
498 783 533 830 se
557 769 589 830 et
617 764 706 830 illum
739 783 847 831 emere
877 783 972 848 pesse
1002 765 1209 832 convineatur

136 887 176 939 ex
199 886 255 947 eo,
280 868 357 950 quie
381 868 430 933 sui
455 872 487 933 et
508 868 595 964 illius
620 887 740 934 memor
761 887 849 951 esse,
876 872 908 934 et
932 887 967 934 se
991 873 1023 933 et
1047 869 1136 937 illum
1158 869 1208 934 in-

136 972 284 1054 telligere
306 977 432 1056 potest:
465 973 568 1039 etiosa
599 993 754 1058 namque,
785 980 817 1061 et
847 975 978 1056 penitus
1008 974 1130 1040 inutilis
1160 978 1209 1039 est

136 1078 290 1145 memoria
312 1083 345 1144 et
367 1078 583 1158 intelligentia
606 1079 780 1161 euJ‘uslibet
802 1080 866 1158 rei;
896 1078 974 1160 nisi,
1007 1084 1104 1160 prout
1126 1079 1208 1144 ratio

137 1184 251 1264 exigit,
289 1202 341 1249 ree
379 1183 450 1265 ipsa
484 1188 611 1250 ametur
644 1189 701 1249 aut
743 1185 943 1265 reprobetur.
1004 1186 1100 1251 Amat
1133 1202 1208 1266 ergo

136 1288 277 1370 seipsum
309 1305 451 1355 summus
482 1289 632 1371 spiritum
662 1290 745 1356 sieut
775 1289 825 1354 sui
853 1289 1013 1370 meminit,
1047 1292 1136 1356 etse
1159 1288 1207 1354 iu-

136 1394 262 1476 telligit.

567 1673 707 1742 CAPUT
730 1675 766 1740 L.

270 1810 348 1879 Quod
365 1812 438 1868 idem
455 1827 531 1870 emor
547 1813 652 1883 pariter
669 1812 799 1883 procedat
818 1827 834 1867 a
852 1812 936 1868 Patre
954 1817 982 1869 et
998 1812 1077 1867 Filio.

37 1918 41 1925 ’
136 1935 360 2004 conspectus
379 1934 570 2002 capitte-
599 1933 679 1993 Petet
706 1948 826 1988 amorem
853 1931 950 1987 nummi
976 1933 1089 2002 spiritus
1116 1948 1151 1988 ex
1177 1947 1208 1989 eo

204 2022 363 2094 procedere,
388 2022 452 2092 quia
470 2023 513 2077 sui
529 2037 631 2077 memor
648 2026 690 2076 est
707 2026 734 2076 et
753 2035 782 2075 se
807 2019 950 2089 intelligit;
978 2019 1054 2075 nulle
1072 2021 1143 2076 enim
1164 2034 1209 2076 rer

207 2116 314 2168 emetur
341 2111 398 2166 eine
426 2111 486 2180 eJue
515 2110 644 2166 memorie
672 2114 699 2163 et
726 2107 914 2176 intelligentie.
958 2108 1033 2177 Ergo
1060 2123 1135 2162 umor
1161 2106 1209 2162 ille

204 2199 327 2271 procedit
351 2214 368 2253 a
394 2198 477 2254 Putre
502 2199 549 2268 qui
577 2203 618 2253 eet
641 2197 785 2265 memoria,
818 2201 846 2250 et
874 2210 891 2249 a
920 2194 990 2249 Filio
1021 2194 1067 2263 qni
1097 2198 1139 2249 eet
1167 2193 1208 2246 in·

206 2286 362 2358 telligentie.

220 2464 331 2529 Palam
354 2466 441 2528 certe
465 2464 515 2526 est
538 2460 704 2547 rationem
726 2457 877 2539 habenti,
906 2476 980 2523 eum
1002 2474 1067 2521 non
1090 2455 1207 2522 ideirco

135 2567 185 2634 sni
208 2586 380 2634 memorem
405 2584 475 2633 esse
500 2570 556 2631 aut
579 2582 614 2630 ne
636 2562 834 2646 intelligere,
864 2562 940 2645 quia
963 2578 999 2626 se
1022 2565 1126 2641 amat,
1150 2560 1207 2626 sed

134 2674 206 2739 ideo
230 2691 413 2752 reamare,
447 2672 523 2756 quia
554 2670 605 2736 sui
634 2667 794 2748 meminit,
829 2671 862 2731 et
890 2665 1113 2749 ne.intelligit;
1148 2683 1208 2732 nee

135 2797 208 2856 eum
231 2795 266 2844 se
289 2795 385 2860 pesse
407 2794 534 2856 amare,
564 2775 591 2841 ei
615 2775 666 2841 sui
690 2792 753 2839 non
776 2773 819 2840 nit
840 2790 977 2851 mernor,
1007 2776 1063 2838 aut
1085 2789 1120 2838 se
1143 2789 1209 2859 nen

133 2882 303 2965 intelligat.
347 2882 446 2949 Nulla
475 2883 559 2948 eninr
595 2900 648 2948 res
682 2884 809 2946 ematur
845 2878 915 2944 sine
951 2878 1020 2961 ejus
1054 2876 1209 2942 memorie

135 2991 192 3056 aut
213 2985 442 3066 intelligentia3
471 2992 504 3052 et
532 2988 632 3052 multa
660 2990 813 3050 tenentur
844 2982 999 3048 memoria
1028 2987 1060 3047 et
1090 2981 1208 3046 intelli·

135 3093 266 3172 guntur,
292 3107 375 3170 quae
398 3109 461 3155 non
485 3095 644 3156 emantur.
688 3090 783 3155 Patet
805 3088 904 3169 igitur
928 3103 1068 3151 amorem
1092 3085 1209 3150 summi

135 3194 267 3276 spiritui
299 3213 338 3260 ex
370 3213 406 3259 eo
437 3194 629 3275 procedere,
665 3195 754 3278 quia*
773 3195 823 3260 sui
858 3211 979 3259 memor
1014 3196 1081 3270 eet,
1117 3195 1208 3257 etse

134 3298 293 3382 intelligit.
356 3299 447 3379 Quod
485 3298 513 3364 si
549 3300 775 3379 in,memoria
822 3299 938 3366 summi
985 3296 1117 3378 spiritus
1159 3295 1208 3362 in-

135 3404 293 3499 telligitur
317 3405 429 3485 Pater,
460 3404 494 3469 in
523 3404 739 3486 intelligentia
760 3405 878 3485 Filius,
909 3400 1116 3468 manifestum
1148 3405 1207 3479 eet,

128 3509 209 3603 *quia
242 3527 262 3573 e
294 3507 390 3574 Patre
422 3510 545 3590 pariter
578 3515 611 3575 et
641 3529 660 3575 a
691 3510 771 3575 Filio
810 3502 932 3574 summi
955 3492 1087 3588 spiritus
1119 3522 1208 3569 amer

136 3612 289 3695 procedit.
