2684 4546
704 275 742 336 12

176 444 327 512 'suadere
357 444 506 534 voluero,
540 441 643 522 omni,
665 441 727 513 ‚rel
759 442 899 526 modico,
936 448 1058 517 remoto
1089 443 1255 511 obstaculo

189 549 324 631 quilibet
346 550 457 614 tardus
478 547 661 614 intellectus
691 547 733 612 ad
767 548 877 613 audita
907 546 999 614 facile
1031 548 1136 630 possit
1166 566 1255 614 aece-

190 653 276 720 dere.
308 652 401 732 Quod
416 652 514 733 igitur
531 652 586 718 illa
609 656 743 731 natura,
767 652 836 717 sine
859 670 924 734 qua
947 652 1036 717 nulla
1058 657 1107 718 est
1129 657 1255 731 natura,

189 756 232 823 sit
254 757 341 836 nihil,
364 763 427 823 tam
451 742 566 823 falsum
590 762 655 837 est;
677 775 771 839 quam
796 758 970 823 absurdum
994 757 1055 823 erit
1072 757 1100 822 si
1122 756 1255 834 dicatur,

189 861 339 945 quicquid
364 866 414 928 e'st
443 859 521 927 nihil
554 880 642 928 esse:
674 881 733 944 per
763 862 840 951 nihil
875 882 950 929 vero
985 881 1048 928 non
1083 866 1147 941 est,
1181 862 1257 944 quia

189 965 278 1032 nullo
302 966 393 1032 modo
416 967 552 1047 intelligi
574 952 697 1049 potest,
735 971 770 1031 ut
799 967 884 1049 quod
907 966 1028 1048 aliquid
1053 969 1110 1045 est,
1134 964 1179 1030 sit
1197 984 1256 1047 per

189 1071 274 1136 nihil,
320 1072 363 1137 At
383 1072 412 1157 si
435 1090 498 1153 quo
521 1071 614 1137 modo
638 1075 688 1144 est
718 1088 756 1135 ex
787 1070 905 1150 nihilo,
939 1074 996 1136 :rut
1023 1089 1082 1152 ρετ
1113 1087 1175 1150 se,
1200 1074 1257 1135 aut

56 1240 59 1247 .
187 1194 247 1258 per
268 1176 369 1257 aliud,
404 1182 460 1242 aut
482 1194 541 1257 ρετ
564 1173 643 1240 nihil
666 1178 777 1240 estex
801 1174 918 1253 nihilo;
951 1172 1009 1239 sed
1035 1178 1160 1241 constat
1181 1175 1258 1256 quia

191 1277 277 1342 nullo
309 1280 401 1344 modo
421 1273 554 1362 'aliquid
588 1285 638 1345 est
669 1298 728 1360 ρετ
762 1279 848 1345 nihil.
895 1279 928 1345 Si
959 1279 1058 1360 igitur
1080 1285 1131 1346 est
1152 1281 1256 1363 ahquo

188 1385 283 1450 modo
307 1402 346 1449 ex
370 1383 488 1463 nihilo;
511 1388 568 1449 out
589 1402 648 1465 ρετ
670 1402 724 1464 se,
747 1387 803 1449 aut
824 1401 884 1466 ρετ
907 1382 993 1449 aliud
1017 1388 1127 1453 estex
1150 1384 1256 1449 nihilo.

187 1487 308 1554 Perse
331 1492 438 1553 autem
461 1487 540 1561 nihil
566 1492 674 1568 potest
705 1472 777 1553 esse
809 1505 847 1553 ex
868 1474 996 1570 'nihilo;
1030 1487 1118 1570 quia,
1129 1488 1157 1552 si
1179 1486 1256 1570 quid

168 1598 239 1662 'est
261 1611 300 1659 ex
322 1591 420 1657 nihilo
443 1610 502 1674 ρετ
532 1589 671 1673 aliquid,
702 1608 834 1657 necesse
866 1596 916 1657 est
938 1596 975 1656 ut
997 1593 1049 1673 id,
1081 1609 1141 1674 ρετ
1171 1591 1257 1674 quod

189 1702 256 1778 est,
278 1698 369 1778 prius
392 1696 444 1763 sit.
476 1695 632 1774 Quoniam
655 1695 752 1777 igitur
775 1695 855 1762 haec
877 1697 1018 1763 essentia
1039 1696 1128 1779 prior
1150 1695 1258 1776 seipsa

189 1820 254 1868 non
278 1807 346 1883 est,
370 1800 459 1867 nullo
483 1801 576 1866 modo
600 1804 649 1866 est
673 1818 710 1864 ex
734 1799 832 1865 nihilo
855 1818 980 1881 perse.
1026 1801 1069 1865 nt
1091 1799 1119 1865 si
1142 1799 1257 1865 dieitur

187 1923 247 1988 ρετ
269 1904 410 1987 aliquam
433 1908 581 1970 naturam
605 1903 711 2000 aliam.
725 1903 885 1970 exstitisse
909 1923 948 1970 ex
971 1903 1087 1985 nihilo,
1120 1898 1184 1970 non
1208 1909 1258 1970 est

188 2027 313 2075 summa
335 2009 494 2088 omnium,
518 2010 574 2074 sed
599 2008 707 2090 aliqua
728 2006 877 2090 inferior3
907 2028 965 2074 nec
988 2013 1037 2074 est
1058 2026 1118 2090 per
1140 2026 1176 2073 se
1198 2007 1258 2072 hoc

133 2117 139 2129 ’
189 2113 274 2195 quod
299 2117 364 2193 est,
393 2114 451 2180 sed
481 2132 539 2194 per
562 2113 658 2178 aliud.
703 2113 804 2178 Item:
839 2113 865 2178 si
887 2132 947 2194 per
969 2112 1090 2195 aliquid
1115 2117 1164 2179 est
1186 2112 1257 2192 ipsa

190 2236 228 2283 ex
252 2217 366 2297 nihilo;
393 2219 446 2297 id,
476 2237 536 2300 ρετ
558 2218 644 2300 quod
667 2221 734 2298 est,
767 2235 920 2298 magnum
942 2219 1061 2284 bonum
1083 2215 1162 2297 fuit,
1186 2236 1256 2282 cnm

189 2339 288 2388 causa
317 2322 394 2388 boui
422 2321 492 2389 fuit.
523 2325 581 2388 ,nt
602 2321 726 2388 nullum
749 2324 869 2390 bonum
891 2327 1000 2404 potest
1022 2322 1157 2406 intelligi
1181 2325 1257 2387 ante

187 2426 269 2492 illud
301 2427 438 2508 bonum,
475 2427 546 2492 sine
579 2445 648 2510 ‘quo
683 2426 760 2492 nihil
787 2432 844 2493 ,est
875 2428 1014 2494 honum:
1052 2427 1113 2493 hoc
1148 2430 1255 2492 antem

187 2528 321 2610 bonum,
353 2531 424 2597 sine
454 2537 517 2614 quo
540 2531 664 2597 nullum
686 2533 742 2597 ost'
757 2532 896 2612 honum,
931 2532 1009 2598 satis
1032 2532 1143 2614 liquet,
1172 2530 1257 2597 hanc

189 2653 261 2702 esse
284 2654 440 2716 sommam
463 2641 629 2716 naturam,
653 2637 693 2702 de
715 2654 780 2718 qua
802 2635 917 2718 agitur.
963 2636 1071 2714 Quare
1094 2634 1257 2701 resnulla

163 2739 240 2805 -rel
261 2739 426 2808 intellectu
449 2742 643 2824 praecessit,
673 2760 732 2823 ρετ
762 2758 857 2823 quam
871 2799 875 2806 ,
888 2740 953 2803 ista
975 2757 1014 2804 ex
1037 2736 1136 2804 nihilo
1159 2742 1255 2804 esset.

187 2842 337 2926 Denique
359 2845 387 2910 si
410 2843 490 2913 haec
511 2846 583 2928 ipsa
613 2847 730 2910 natura
766 2848 815 2909 est
843 2841 963 2925 aliquid
994 2846 1051 2907 aut
1078 2859 1138 2924 ρετ
1158 2828 1256 2923 nihil,

187 2951 245 3013 aut
268 2965 306 3013 ex
329 2946 442 3030 nihilo,
477 2949 588 3031 procul
618 2949 714 3016 dubio
747 2953 802 3024 aut
829 2947 901 3030 ipsa
922 2965 988 3013 non
1011 2951 1062 3014 est
1083 2966 1143 3030 ρετ
1165 2965 1201 3014 εε
1223 2953 1256 3013 et

189 3069 228 3118 ex
250 3068 286 3118 se
309 3052 460 3135 quicquid
483 3058 549 3134 est;
574 3058 630 3121 aut
652 3053 768 3120 dicitur
790 3046 861 3134 ipsa
883 3050 983 3117 nihil:
1018 3052 1104 3134 quod
1133 3056 1256 3116 utrum-

188 3173 251 3236 que
283 3157 481 3236 superfluum
513 3160 563 3222 est
596 3175 757 3237 exponere
791 3175 887 3239 quam
922 3155 1039 3221 falsum
1072 3154 1123 3218 sit.
1167 3153 1257 3219 Licet

186 3257 286 3338 igitur
307 3276 432 3325 summa
454 3258 725 3325 substantianon
749 3261 793 3324 sit
808 3277 866 3339 per
882 3258 1003 3340 aliquid
1025 3255 1176 3336 efficiens,
1201 3261 1257 3322 aut

111 3381 115 3386 ’
189 3379 228 3427 ex
251 3361 359 3445 aliqua
380 3361 534 3444 materia,
565 3379 625 3427 neo
656 3359 817 3442 aliquibus
846 3358 958 3441 adjuta
991 3359 1034 3425 sit
1063 3360 1187 3439 causis,
1220 3364 1257 3425 ut

187 3451 324 3533 adesse
346 3464 597 3549 perduceretur:
633 3463 819 3531 nullatenus
854 3468 961 3531 tamen
995 3468 1046 3530 est
1076 3483 1134 3547 per
1168 3462 1256 3543 nihil,

188 3575 244 3638 ant
267 3589 306 3636 ex
328 3570 443 3650 nihilo;
475 3570 552 3653 quia
581 3569 819 3652 perseipsum,
852 3574 945 3636 etex
968 3570 1076 3651 seipsa
1098 3571 1147 3633 est
1169 3568 1256 3659 quic·

172 3676 277 3760 'quid‘
297 3681 356 3742 est
401 3675 566 3754 Quomodo
600 3693 675 3756 ergo
706 3674 837 3741 tandem
868 3691 940 3741 esse
969 3663 1177 3752 intelligenda
1206 3676 1277 3765 est·

186 3797 246 3861 ρετ
268 3797 304 3846 se
326 3785 359 3846 et
380 3797 419 3846 ex
441 3796 494 3858 se;
516 3780 564 3846 sic
584 3798 644 3845 uec
666 3780 738 3862 ipsa
758 3797 795 3845 se
816 3779 907 3865 fecit,
930 3795 990 3844 nec
1011 3778 1082 3858 ipsa
1104 3775 1175 3843 sibi*
1189 3795 1256 3857 mu-

186 3885 271 3950 torio
293 3885 432 3966 exstitit,
465 3902 525 3950 nec
554 3885 627 3966 ipsa
648 3902 684 3950 se
706 3885 850 3967 quolibet
878 3882 989 3962 modo,
1022 3884 1059 3944 ut
1081 3881 1166 3963 quod
1191 3899 1255 3946 non

186 3990 259 4057 orat
292 3993 395 4071 esset,
429 3989 572 4073 adiuvit,
605 3989 667 4054 nisi
700 3988 783 4055 forte
817 4005 855 4052 eo
887 3986 980 4052 modo
1012 3984 1275 4068 intelligendum,
