2684 4546
649 259 688 320 18

133 430 229 493 antea
252 445 317 492 non
342 431 431 507 erat;
454 429 486 489 et
510 424 563 508 qui
585 425 675 505 prius
692 424 835 521 habebat
851 427 1095 510 aegritudinem,
1120 448 1206 496 nunc

131 529 231 596 habet
254 530 445 608 sanitatem,
476 546 571 610 quam
606 532 702 594 antea
724 529 960 628 nonOhabehat.
1005 533 1073 598 Hoc
1107 535 1215 615 igitur·

132 636 227 700 modo
251 654 314 700 non
337 633 596 698 inconvenienter
612 632 749 714 intelligi
770 642 896 718 potest,
919 638 946 704 si
971 638 1095 704 dicatur
1118 658 1205 704 crea·

134 741 197 806 trix
220 742 360 806 essentia
383 738 534 811 universa
557 735 671 803 fecisse
707 740 746 805 de
778 741 893 821 nihilo,
926 742 992 808 sive
1026 741 1110 825 quod
1134 741 1204 805 uni·

134 861 227 910 versa
248 861 306 924 per
328 841 416 907 illam
439 841 533 907 facto
547 841 612 909 sint
636 844 674 907 de
699 843 818 910 nihilo:
852 845 884 910 id
908 851 976 924 est,
1012 864 1094 929 quae
1115 845 1206 927 prins

134 946 211 1012 nihil
235 952 337 1024 erant,
362 964 448 1011 nunc
470 950 547 1010 sunt
563 945 694 1029 aliquid,
725 948 795 1013 Hac
812 948 882 1030 ipsa
900 939 1018 1032 quippe
1041 969 1118 1015 voce
1142 968 1205 1032 qua

135 1051 265 1132 dicitur,
286 1049 362 1132 quia
384 1048 441 1113 illa
463 1045 557 1128 fecit,
581 1049 667 1129 sive,
691 1050 767 1133 quia
782 1050 845 1116 ista
859 1051 946 1117 facta
969 1058 1062 1134 sunt;
1085 1052 1204 1117 intelli·

133 1155 229 1235 gitur,
255 1156 331 1239 quia
347 1173 418 1220 cum
434 1151 600 1237 illaufecit,
625 1153 746 1237 aliquid
763 1151 860 1233 iecit3
885 1159 1010 1221 etcum
1035 1156 1097 1221 ista
1121 1153 1207 1221 facta

133 1266 224 1341 sunt,
248 1278 311 1324 non
336 1259 396 1323 nisi
421 1258 542 1342 aliquid
574 1258 659 1325 lacta
690 1266 774 1326 sunt.
819 1248 871 1329 Sic
903 1265 986 1329 enim
1016 1265 1208 1347 aspicientes
1281 1296 1286 1301 ·

135 1365 273 1448 aliquem
298 1365 338 1430 de
361 1363 455 1430 valde
478 1363 591 1430 humili
613 1365 759 1446 fortuna,
783 1366 892 1432 multis
914 1368 1046 1449 opibus,
1080 1367 1208 1435 honori·

135 1468 237 1536 busre
260 1471 299 1536 ab
323 1468 431 1552 aliquo
446 1468 640 1550 exaltatum,
665 1470 818 1536 dicimus:
843 1491 916 1539 ecce
938 1473 991 1538 ille
1015 1471 1090 1539 fecit
1112 1475 1208 1539 istum

121 1576 177 1654 ¹de
200 1574 314 1655 nihilo,
346 1578 403 1639 aut
434 1571 539 1639 lactus
571 1578 621 1639 est
653 1574 708 1640 ille
731 1577 770 1642 ab
794 1576 855 1642 isto
879 1577 918 1642 de
941 1576 1059 1642 nihilo:
1092 1576 1126 1641 id
1150 1582 1209 1658 est,

135 1678 204 1759 ipse
235 1677 290 1761 qui
321 1678 410 1759 prius
445 1679 539 1760 quasi
576 1680 709 1746 nihilum
754 1683 987 1764 reputabatur,
1029 1701 1114 1748 nunc
1152 1681 1208 1753 illo

136 1777 273 1847 faciente
297 1801 372 1847 vere
395 1782 514 1867 aliquid
538 1784 736 1850 aestimatur.
1099 1810 1102 1815 ·

562 1972 699 2040 cAPUT
722 1973 777 2039 IX.

136 2109 214 2178 Quod
232 2127 265 2167 ea
283 2126 354 2180 quae
372 2112 444 2166 lacta
462 2114 527 2164 sunt
542 2125 578 2185 ex
596 2111 695 2180 nihilo,
713 2110 838 2166 nonnihil
856 2118 935 2182 erant
947 2115 1092 2180 antequam
1103 2113 1209 2182 fierent,

425 2200 558 2265 quantum
576 2198 611 2252 ad
627 2197 760 2273 rationem
778 2197 910 2252 facientis.

137 2320 358 2390 eonspectus
384 2319 525 2389 capitis.
553 2350 587 2360 —
613 2319 690 2374 Nihil
709 2319 906 2375 rationabiliter
924 2319 957 2373 ab
977 2318 1068 2388 aliquo
1085 2317 1131 2389 fit,
1157 2320 1211 2374 nisi

207 2409 235 2462 in
253 2409 315 2477 ipso
333 2410 479 2478 praecedat
504 2410 544 2464 rei
571 2408 710 2464 faciendae
736 2408 831 2464 forma.
868 2410 938 2465 Erat
955 2409 1038 2478 igitur
1055 2409 1085 2462 in
1102 2409 1209 2464 ratione

207 2511 328 2563 summae
345 2502 460 2552 naturae
483 2497 564 2567 quid,
580 2503 640 2571 'aut
659 2498 763 2568 qualia,
791 2502 838 2551 aut
862 2497 995 2566 quomodo
1012 2496 1105 2550 futura
1121 2500 1211 2551 essent

207 2584 347 2655 universa,
366 2586 524 2654 priusquam
541 2585 648 2640 fierent.
685 2586 760 2654 Ergo
778 2592 922 2653 antequam
935 2590 1042 2653 essent,
1058 2599 1113 2637 non
1132 2586 1212 2636 erant

208 2672 295 2742 nihil;
314 2688 365 2728 nec
382 2689 416 2728 ex
434 2673 518 2733 nihilo
537 2679 616 2742 sunt,
644 2671 752 2742 quando
770 2678 846 2741 sunt,
875 2656 1013 2740 quantum
1025 2667 1060 2722 ad
1072 2669 1211 2764 gationem

207 2758 338 2815 facientis.
822 2777 825 2784 ·

225 2937 344 3004 Verum
368 2938 477 3004 videor
500 2937 576 3004 mihi
592 2936 701 3004 videre
725 2935 887 3023 quiddam,
910 2932 1005 3019 quod¹
1022 2949 1086 2997 non
1111 2927 1213 3010 negli-

139 3047 254 3120 genter
284 3042 469 3125 disoernero
503 3043 606 3123 cogit,
639 3028 814 3131 secundum
848 3040 925 3122 quid
959 3057 997 3105 ea
1021 3055 1102 3119 quae
1126 3032 1213 3099 facta

140 3152 232 3226 sunt,
264 3153 435 3231 antequam
465 3148 597 3227 fierent,
630 3147 690 3213 dici
713 3142 962 3227 possint'luisse
986 3139 1072 3205 nihil
1116 3133 1212 3202 Nullo
1279 3148 1284 3155 ·

140 3262 280 3332 namque
301 3258 396 3332 pacto
418 3251 486 3317 fieri
510 3254 618 3331 potest
633 3250 756 3332 aliquid
772 3246 1009 3314 rationabiliter
1030 3244 1071 3308 ab
1095 3240 1212 3323 aliquo,

141 3355 203 3420 nisi
225 3355 259 3422 in
284 3355 432 3423 facientis
454 3355 581 3420 ratione
602 3354 777 3436 praecedat
806 3350 938 3432 aliquod
967 3348 1015 3413 rei
1045 3344 1213 3414 faciendae

141 3465 234 3547 quasi
256 3463 451 3544 exemplum,
484 3462 551 3526 sive
581 3463 632 3545 (ut
654 3459 760 3541 aptius
784 3456 916 3541 dicitur)
938 3453 1058 3537 forma,
1092 3454 1142 3518 vel
1170 3451 1213 3517 si·

142 3570 305 3648 militud0,
340 3572 396 3632 aut
428 3567 548 3647 regula.
584 3566 687 3631 'Patet
721 3562 830 3643 itaque
854 3561 1004 3643 quoniam
1025 3558 1212 3640 priusquam

141 3674 257 3740 fierent
279 3672 446 3752 universa,
478 3677 549 3737 erat
570 3672 604 3736 in
626 3669 752 3735 ratione
783 3687 926 3733 summae
950 3669 1103 3742 naturae,
1136 3660 1213 3744 quid

142 3784 200 3843 aut
229 3778 338 3861 qualia
366 3781 423 3844 aut
457 3776 615 3860 quomodo
650 3772 760 3839 lutura
793 3775 922 3837 essent:
957 3761 1057 3851 qnare
1081 3785 1151 3832 cum
1175 3784 1215 3831 ea

142 3899 227 3963 quae
249 3882 448 3964 factasunt,
473 3881 592 3949 clarum
615 3880 658 3946 sit
673 3879 750 3944 nihil
767 3876 868 3942 fuisse
891 3879 1065 3956 antequam
1088 3871 1214 3950 fierent,

143 3994 299 4069 quantum
323 3990 364 4056 ad
389 3989 464 4070 hoc,
499 3985 574 4069 quia
607 4004 669 4051 non
695 3987 789 4049 erant
813 3979 897 4063 quod
919 3997 1007 4044 nunc
1030 3981 1121 4056 sunt,
1155 3994 1214 4040 nec
