2684 4546
629 271 695 336 189

551 510 698 591 „orror
716 476 762 592 n·

131 650 222 723 lluqis
244 653 359 720 erogetur
380 649 561 720 1111111111104
571 649 727 720 pronosim
754 655 791 720 et
804 650 960 719 joutendltur
986 649 1087 721 ioque
1102 649 1189 722 νοέω

201 738 315 810 eogitari
332 738 439 810 nequit,
457 738 570 809 eogitari
587 753 678 809 posse,
698 739 866 809 atquendso
884 739 1051 821 0110110110.
1108 798 1114 805 ⁴

134 939 148 995 ,·
217 917 291 991 Dixi
319 917 428 999 itaque
457 916 491 989 iu
516 910 812 997 argumentatione,
847 931 942 996 quum
971 914 1189 998 reprehendis,

132 1002 206 1106 quio
225 1040 300 1095 ounu¹
326 1021 478 1103 insipiens
512 1021 602 1091 audit
632 1019 789 1103 proferri,
824 1037 885 1102 quo
920 1020 1024 1104 moine
1059 1017 1190 1100 eogitari
1315 1113 1317 1119 ,

131 1146 194 1195 uon
216 1132 337 1210 potest,
359 1125 509 1208 intelligit
531 1125 616 1210 quod
637 1126 735 1192 ondit.
772 1125 890 1210 Utique
910 1124 965 1209 qui
987 1143 1051 1192 non
1073 1123 1190 1190 intelli·

131 1233 193 1318 git.
217 1233 244 1300 si
268 1237 345 1298 nota
365 1231 477 1311 lingue
499 1231 632 1313 dicitur,
654 1236 712 1296 out
734 1231 871 1310 nullum,
903 1237 960 1297 aut
982 1229 1075 1295 nimis
1099 1229 1190 1296 obtu-

131 1338 322 1411 sum-nanee
343 1337 550 1411 inruentum.
595 1337 721 1403 nonnus
744 1337 819 1418 111,
843 1314 919 1419 quia
940 1335 968 1401 11
990 1333 1190 1414 intelligitur,

131 1452 180 1511 est
200 1444 235 1511 in
257 1444 431 1515 intellectu.
462 1443 511 1511 An
536 1449 586 1511 est
607 1443 641 1508 in
663 1442 750 1511 nullo
764 1441 948 1520 intellectu,
971 1439 1056 1524 quod
1079 1456 1190 1506 neees-

130 1550 216 1621 sorio
245 1548 278 1615 in
309 1548 356 1615 rei
386 1548 521 1615 veritate
555 1565 627 1615 esse
650 1551 861 1614 monstratum
894 1545 970 1611 est?
1008 1543 1071 1611 Sed
1095 1544 1189 1624 dices,

128 1656 206 1736 quio
229 1653 289 1719 etei
311 1657 361 1718 eet
381 1653 416 1717 in
438 1653 618 1733 intellectu,
643 1671 705 1719 non
730 1656 837 1725 tomen
859 1653 1091 1733 consequenter
1114 1648 1188 1731 quio

129 1758 327 1839 intelligitur.
370 1757 452 1825 Vide
475 1760 550 1842 quia
573 1748 777 1843 consequitur
799 1777 869 1826 esse
892 1759 925 1824 in
948 1756 1127 1835 intellectu,
1150 1773 1189 1823 ex

25 1880 26 1887 ’
128 1885 166 1932 eo
191 1865 265 1947 quio
286 1864 486 1948 intelligitur.
532 1865 621 1934 Sicut
643 1866 727 1947 enim
751 1865 836 1949 quod
867 1865 1042 1945 cogitatur,
1071 1861 1189 1944 eogita-

130 1969 216 2036 tione
239 1969 411 2052 rogitatum
433 1976 466 2037 et
489 1972 573 2055 quod
597 1973 789 2054 cogitatione
805 1971 977 2051 cogitetur,
1001 1967 1189 2046 010110031-

129 2080 232 2153 rotun
257 2076 303 2143 sie
324 2075 429 2143 estin
452 2077 662 2161 cogiteti0n03
692 2079 739 2143 ito
760 2077 846 2161 quod
868 2074 1073 2153 intelligitur,
1095 2071 1189 2137 intel·

128 2178 214 2247 lectu
245 2180 448 2262 intelligitur:
485 2187 519 2248 et
556 2183 648 2265 quod,
672 2182 838 2249 intellectu
870 2179 1074 2266 intelligitur,
1107 2176 1189 2243 sieut

129 2284 335 2367 intelligitur,
372 2286 417 2353 sie
454 2292 504 2353 eet
538 2288 572 2353 in
609 2288 781 2355 intellectu.
826 2287 909 2368 Quid
945 2283 1005 2351 hoe
1037 2279 1188 2365 plonius?

128 2390 246 2457 Postea
279 2390 359 2470 dini,
393 2392 468 2475 quia
501 2393 528 2459 si
559 2397 609 2459 est
636 2393 688 2477 uel
718 2393 750 2459 in
783 2393 848 2458 solo
870 2391 1054 2471 intellectu,
1082 2391 1189 2471 potest

130 2495 261 2574 eogitari
285 2513 355 2561 esse
377 2501 411 2561 et
432 2496 466 2563 in
487 2514 544 2576 re;
564 2497 648 2580 quod
671 2498 775 2583 majus
798 2502 855 2585 est
885 2497 918 2567 Si
940 2516 1016 2579 ergo
1038 2497 1071 2562 in
1094 2493 1187 2562 intel·

128 2599 214 2666 leotu
246 2600 313 2665 solo
348 2606 413 2682 est,
447 2602 584 2684 idipsum
617 2603 738 2670 seilicet
766 2622 829 2687 quo
860 2603 964 2685 majus
986 2621 1049 2669 non
1081 2602 1188 2684 potest

127 2705 276 2789 eogitari,
300 2711 432 2790 estque
456 2709 558 2791 moins
582 2709 713 2790 cogitari
734 2712 857 2791 potest:
880 2726 955 2790 rogo
980 2705 1056 2790 quid
1078 2704 1187 2773 eonse-

127 2811 302 2892 quentiuu?
323 2814 375 2880 An
392 2812 518 2901 enimsi
535 2817 583 2879 est
598 2813 648 2881 vel
663 2814 694 2880 in
712 2815 777 2881 eolo
801 2813 976 2893 1110110011,
1000 2831 1063 2878 101
1079 2815 1188 2894 potest
1308 2870 1312 2876 .

128 2916 261 2998 eogitari
281 2937 354 2985 esse
377 2925 410 2986 et
430 2920 464 2986 in
487 2920 547 2987 rel
570 2924 635 2992 Aut
656 2921 682 2988 si
698 2926 824 3003 potest,
848 2939 955 3010 nonne
977 2917 1032 3000 qni
1054 2917 1113 2985 hoo
1136 2935 1186 2982 oo·

125 3019 229 3102 gitot,¹
245 3020 365 3104 aliquid
388 3025 508 3105 cogitet
528 3027 631 3109 majus
654 3045 707 3104 e03
734 3027 763 3092 si
785 3031 835 3093 est
855 3025 889 3093 in
912 3024 978 3091 solo
1000 3021 1186 3089 intellectui

126 3125 210 3205 Quid
239 3145 316 3208 ergo
345 3130 610 3214 consequentius,
634 3145 735 3212 ‘quarn
767 3131 794 3197 ei
824 3149 887 3214 quo
919 3129 1024 3224 majus
1054 3126 1187 3208 eogitari

126 3232 252 3314 nequit,
275 3239 326 3300 est
346 3234 379 3303 in
402 3237 469 3303 solo
484 3235 648 3303 intellectu
661 3255 669 3314 ;
684 3237 774 3324 *idem
799 3254 870 3302 esse
890 3255 953 3319 quo
976 3235 1080 3320 majus
1102 3234 1185 3318 cogi-

89 3360 92 3369 =
127 3337 187 3400 tari
210 3339 338 3416 possit?
375 3339 437 3406 Sed
469 3342 596 3425 utique,
628 3361 689 3426 quo
719 3344 823 3427 majus
845 3341 978 3423 eogitari
999 3345 1121 3423 potest,
1144 3340 1184 3427 in

126 3439 212 3504 nullo
235 3439 399 3510 intellectu
421 3450 471 3512 est
494 3465 555 3530 quo
586 3449 690 3532 majus
721 3449 850 3530 cogitari
885 3468 949 3513 non
978 3448 1087 3530 possit.
1134 3449 1183 3512 An

127 3561 202 3625 ergo
226 3563 289 3610 101
313 3549 534 3632 consequitur,
555 3569 621 3634 quo
641 3551 747 3635 modus
770 3551 902 3630 cogitari
925 3551 1051 3634 nequit,
1085 3551 1112 3617 si
1135 3555 1185 3616 est

124 3649 157 3714 in
180 3649 244 3714 ullo
266 3649 446 3742 intellectu,
476 3648 635 3742 nonense
656 3654 690 3719 in
712 3654 779 3720 solo
809 3655 999 3722 intellectu?
1036 3656 1069 3723 Si
1100 3656 1184 3722 enirn

127 3757 178 3818 est
207 3755 255 3820 in'
272 3755 340 3822 eolo
375 3754 558 3840 intellectu,
577 3762 643 3826 ‘est
676 3777 739 3844 quo
759 3760 864 3844 majus
896 3759 1027 3858 cogitari
1056 3764 1182 3842 potest:

125 3857 209 3943 quod
233 3877 295 3927 non
318 3861 477 3928 convenit
