2684 4546
650 257 692 320 8?

136 431 285 497 conatum
309 425 507 509 explicandi,
537 425 674 509 qualiter
696 425 756 493 hoc
777 426 836 507 sit,
868 429 1097 498 continendum
1118 441 1207 517 puto.

136 532 289 603 Sufficere
312 549 450 614 namque
474 531 592 600 debere
609 520 754 597 existimo
770 551 837 598 rem
853 532 1207 616 incomprehensibilem

134 638 320 720 indaganti,
344 639 369 702 si
387 635 429 702 ad
445 635 504 701 hoc
526 635 747 702 ratiocinando
762 638 964 720 pervenerit,
987 644 1024 705 nt
1042 660 1115 708 eam
1139 662 1208 711 cer-

135 744 258 812 tissime
281 760 354 808 esse
377 744 561 822 cognoscas
594 740 720 817 ebamsi
748 747 921 822 penetrare
953 752 1093 828 nequeat
1114 747 1209 814 intel·

135 850 237 929 lectu,
260 838 418 931 quomodo
440 846 487 913 ita
507 847 566 910 sit:
592 865 651 912 nec
666 846 784 913 idcirco
799 848 905 914 minus
920 848 969 914 his
992 850 1207 918 adhibendam

134 954 209 1022 fidei
234 953 475 1032 certitudinem,
498 969 581 1034 qnae
611 952 855 1034 probationibus
879 956 1086 1037 necessariis,
1118 958 1209 1025 nulla

135 1054 434 1140 alia‘repugnante
466 1056 609 1136 ratione,
644 1063 850 1137 asseruntur;
888 1059 916 1124 si
949 1078 1028 1127 suae
1052 1064 1208 1131 naturalis

136 1164 315 1234 altitudinis
338 1159 722 1243 incomprehensibilitate
754 1163 907 1245 explicari
938 1183 1000 1231 non
1030 1168 1207 1248 patiantur.

136 1271 220 1354 Quid
243 1273 350 1335 autern
373 1272 440 1332 tam
462 1264 803 1346 incomprehensibile,
827 1270 892 1331 tam
914 1266 1088 1349 ineffabile,
1112 1290 1209 1354 qnam

135 1380 167 1446 id
191 1375 277 1461 qnod
299 1391 400 1455 snpra
422 1372 529 1438 omnia
552 1371 627 1437 est?
666 1371 871 1455 Quapropter
905 1373 932 1437 si
967 1390 1019 1453 ea,
1053 1356 1137 1456 quae
1168 1375 1227 1440 de

137 1499 262 1549 summa
284 1479 425 1546 essentia
448 1477 605 1543 hactenus
630 1477 795 1557 disputata
823 1482 913 1556 sunt,
943 1480 1136 1544 necessariis
1158 1498 1209 1546 ra·

135 1589 277 1655 tionibus
307 1588 383 1651 sunt
415 1585 557 1663 asserta,
590 1581 736 1664 quamvis
768 1581 814 1648 sic
846 1582 1012 1648 intellectu
1043 1585 1209 1664 penetrari

136 1690 365 1774 nonpossint,
400 1692 437 1753 ut
465 1691 498 1753 et
526 1686 633 1753 verbis
664 1686 795 1753 valeant
823 1686 991 1768 explicari3
1023 1689 1210 1755 nullatenus

134 1805 245 1867 tamen
280 1782 481 1862 certitudinis
511 1809 621 1857 eorum
653 1795 747 1857 nutat
779 1791 934 1857 soliditas.
984 1792 1066 1858 Nam
1098 1793 1126 1858 si
1156 1811 1210 1859 su·
1257 1805 1261 1812 ·

135 1886 243 1986 perior
265 1897 479 1967 consideratio
509 1897 745 1964 rationabiliter
766 1895 1008 1979 comprehendit
1028 1898 1210 1980 incompre·
1276 1925 1279 1932 ·

134 2005 294 2079 hensibile
328 2021 415 2083 esse,
450 2002 608 2086 quomodo
625 2002 751 2068 ‘eadem
781 2019 906 2067 summa
937 2001 1098 2084 sapientia
1127 2004 1209 2069 sciat

136 2133 191 2193 ea,
223 2129 305 2195 quac
334 2108 428 2187 fecit,
462 2106 641 2189 dequibus
664 2111 731 2172 tam
764 2105 866 2172 multa
889 2125 948 2172 nos
970 2108 1054 2173 scire
1076 2126 1209 2175 necesse
1315 2186 1319 2199 ,

136 2224 202 2283 est:
235 2216 307 2298 quis
330 2213 486 2296 explicet,
518 2210 675 2294 quomodo
698 2210 779 2276 sciat
800 2215 858 2275 aut
880 2210 966 2278 dicat
987 2212 1144 2292 seipsam,
1168 2212 1209 2277 de

136 2339 201 2404 qua
223 2323 280 2386 aut
293 2312 399 2397 nihil,
430 2321 487 2382 aut
509 2316 560 2381 vis
583 2314 705 2398 aliquid
734 2315 774 2381 ab
807 2315 936 2408 homine
958 2315 1032 2382 sciri
1054 2317 1209 2398 possibile

137 2426 213 2493 est?
233 2424 445 2507 ‚Ergasinnn
461 2422 496 2486 in
512 2421 647 2504 eoquod
665 2420 810 2501 seipsam
826 2419 920 2511 dicit,
943 2425 1079 2503 generat
1100 2421 1208 2502 Pater,

133 2536 170 2597 et
203 2533 376 2611 generatur
398 2525 519 2593 Filius:
560 2525 805 2593 Generatioacnr
826 2526 896 2608 ejus
916 2528 992 2610 qaia
1013 2527 1206 2594 narrabit?

539 2765 679 2834 CAPUT
701 2767 796 2833 LXV.

296 2907 435 2981 Quomodo
454 2907 487 2962 de
504 2904 635 2963 ineffabili
652 2920 683 2960 rc
700 2920 795 2960 verum
813 2902 981 2974 disputatum
999 2907 1043 2962 sit.

136 3018 355 3103 Conspectus
385 3031 525 3100 capitis.
554 3061 589 3072 -
618 3030 678 3085 Hoc
705 3034 795 3091 autem
821 3030 885 3086 licet
902 3030 1040 3087 ineffabile
1059 3032 1096 3086 sit
1115 3045 1210 3087 secun·

208 3122 270 3177 dum
280 3117 488 3190 proprietatem,
508 3115 578 3171 nihil
591 3115 718 3186 prohibet
736 3132 830 3171 aarum
848 3118 1007 3188 esse,·quod
1026 3118 1158 3174 hactenus
1177 3118 1210 3174 de

207 3221 312 3264 summa
339 3210 438 3260 natura
463 3204 630 3274 disputatum
656 3210 697 3259 est
724 3220 775 3274 per
801 3204 967 3276 aenigmata,
1004 3205 1149 3279 imaginem
1179 3221 1211 3262 ac

207 3293 418 3352 similitudinem.
455 3291 638 3360 Quaecunque
656 3293 778 3362 nomina,
797 3301 866 3360 qnae
883 3293 923 3353 ¹de
940 3292 989 3348 illa
1000 3299 1099 3349 natura
1118 3293 1209 3348 dicun·
1305 3333 1307 3337 -

206 3391 266 3460 tnr,
284 3399 338 3438 non
357 3386 413 3438 mm
432 3381 506 3436 illius
523 3380 720 3450 proprietatem
738 3379 870 3450 innuunt,
890 3396 972 3449 quam
990 3380 1211 3437 similitudinem:

208 3469 360 3540 significant
377 3469 463 3538 enim,
491 3466 564 3538 qnod
581 3467 610 3521 in
628 3467 709 3523 rebus
727 3466 809 3522 lactis
833 3468 1016 3537 concipimus:
1043 3483 1093 3523 nac
1118 3474 1211 3523 tamen

209 3556 308 3614 falsum
337 3559 392 3624 est,
419 3554 492 3622 quod
518 3570 568 3624 per
586 3553 670 3629 verba
688 3553 721 3608 de
746 3553 806 3625 ipsa
823 3553 967 3609 intimatur
985 3552 1029 3609 vel
1046 3554 1211 3610 aestimatur.

209 3644 287 3714 Quod
304 3642 338 3698 de
355 3642 415 3711 ipsa
432 3628 618 3710 cognoscitur,
640 3655 734 3696 verum
759 3647 818 3710 est3
841 3640 905 3697 licet
922 3658 977 3698 non
994 3647 1082 3697 totum
1100 3654 1210 3708 cognos-

208 3737 303 3801 catur,
322 3728 395 3799 qnod
413 3728 474 3798 ipsa
491 3743 556 3784 vere
574 3733 623 3782 est.

134 3950 139 3959 -
229 3907 293 3975 seu
316 3927 461 3989 mesum,
485 3907 512 3972 s
533 3905 579 3970 aa
601 3919 636 3967 so
650 3899 981 4001 ratlolueffabilitntis
996 3899 1082 3966 illius
1104 3850 1211 4001 sanet,

138 4015 236 4081 immo
259 4014 335 4096 quia
364 4015 410 4081 sic
433 4018 499 4080 est:
532 4008 689 4094 quomodo
717 4005 817 4072 stabit
846 4005 997 4090 quicquid
1020 4005 1061 4071 de
1082 4003 1140 4069 illa
1160 4021 1213 4107 aa·
