2684 4546
656 249 695 310 13

134 412 281 494 videtur,
306 430 370 497 quo
393 414 527 494 dicitur,
552 416 627 496 quia
649 415 705 479 lux
732 416 837 495 lucet,
868 416 920 481 rel
940 415 1052 483 lucens
1075 425 1125 484 est
1147 438 1217 502 per,

133 517 293 599 seipsam,
316 521 409 582 etex
432 517 548 598 seipsa.
586 516 862 597 Quemadmodum
886 518 970 584 euim
993 537 1064 586 sese
1087 522 1208 589 habeut

134 621 335 688 adinvicem
358 621 429 700 lux,
454 621 631 702 etluoere,
656 628 688 688 ct
710 624 838 701 luceos;
868 621 914 687 sic
935 627 1013 688 suot
1035 625 1077 690 ad
1100 619 1138 692 se
1158 627 1207 691 in·

134 726 237 791 vicem
253 724 411 803 essentia,
435 741 523 804 esse,
545 728 668 805 utens,
691 724 750 791 hoc
766 729 832 805 est,
856 724 1016 807 existens,
1041 728 1109 794 sive
1131 730 1207 795 sub·

134 830 263 896 sistens.
295 829 379 910 Ergo
396 846 519 893 summa
535 830 694 909 essentia,
717 834 750 895 et
773 847 895 896 summe
918 848 1006 909 esse,
1031 835 1064 896 et
1086 849 1208 898 summe
1310 916 1313 921 Ι

134 952 212 1013 ens,
235 932 340 997 idest
361 949 483 996 summe
507 933 664 1013 existens,
695 933 762 998 sive
793 952 915 999 summe
938 933 1118 1000 subsistens
1141 954 1207 1001 non

136 1036 336 1103 dissimiliter
352 1036 413 1102 sibi
428 1039 636 1117 convenient,
652 1055 746 1120 quam
762 1037 833 1119 lux,
849 1042 883 1103 et
897 1038 1015 1118 lucere,
1039 1043 1072 1103 et
1086 1040 1227 1105 lucens„

558 1223 698 1292 CAPUT
720 1225 789 1290 VH.

304 1361 442 1429 Quomodo
461 1361 514 1418 alia
533 1363 622 1417 omnia
640 1363 696 1418 sint
713 1378 762 1431 per
779 1360 868 1432 illam,
886 1368 914 1418 et
932 1356 1040 1418 ex'illu.

133 1484 358 1555 conspectus
384 1484 525 1553 capitis.
555 1513 586 1524 -
616 1483 714 1538 Utrum
732 1487 829 1539 cuncta
846 1483 901 1538 sint
918 1499 968 1552 per
986 1499 1117 1540 summam
1134 1484 1208 1540 illam

205 1577 347 1641 naturam,
372 1577 404 1625 ut
422 1586 531 1626 oausam
549 1569 725 1640 efficientem,
753 1571 795 1626 vel
815 1587 849 1626 ex
867 1570 927 1640 illa,
957 1579 1085 1639 tanquam
1102 1587 1136 1626 ex
1152 1587 1208 1627 ma-

151 1687 153 1690 *
205 1660 289 1728 teria,
315 1660 353 1714 sic
379 1658 537 1726 inquiritur:
565 1657 688 1724 Quatuor
706 1657 840 1713 elementa
858 1659 916 1713 sine
934 1659 991 1714 suis
1009 1659 1117 1728 formis,
1141 1673 1208 1741 quaa

206 1744 385 1815 conspicimus
402 1745 431 1799 in
449 1745 532 1800 rebus
544 1745 683 1813 formatis,
700 1744 817 1813 intelligi
833 1750 956 1814 possunt.
992 1745 1067 1800 Haec
1085 1745 1209 1800 informis

208 1847 257 1887 seu
274 1831 387 1887 confusa
403 1834 497 1888 eorulu
515 1836 614 1887 natura
637 1831 710 1886 unde
734 1833 796 1887 est?
824 1834 848 1887 l.
876 1833 900 1886 si
923 1847 958 1887 ex
981 1829 1072 1898 aliqua
1095 1832 1209 1886 materia

205 1924 258 1988 est,
277 1919 319 1973 uel
340 1924 432 1974 estex
458 1935 562 1974 summa
589 1925 702 1989 natura,
729 1920 773 1974 rel
800 1935 834 1974 ex
859 1919 962 1989 seipsa,
988 1918 1031 1972 uel
1055 1932 1090 1972 ex
1117 1919 1209 1986 aliqua

205 2006 288 2060 tertia
306 2007 436 2075 essentia,
455 2022 524 2074 quae
542 2004 617 2060 nulla
629 2010 677 2060 est.
715 2005 777 2062 Non
795 2021 829 2060 ex
847 2019 875 2058 se
885 2023 893 2073 ;
912 2009 970 2057 tum
988 2005 1051 2072 quia
1069 2003 1137 2059 haec
1153 2020 1208 2058 non

180 2084 183 2089 ’
205 2108 256 2161 per
285 2108 314 2147 se
340 2092 400 2171 aed¹
416 2108 465 2161 per
491 2092 564 2147 aliud
591 2098 646 2160 est,
673 2098 731 2145 tum
758 2092 822 2160 quia
848 2108 910 2146 eum
933 2091 1002 2145 nihil
1019 2091 1055 2146 sit
1071 2092 1206 2161 posterius

206 2178 309 2248 seipso,
328 2179 396 2234 nihil
409 2170 449 2234 est
462 2180 640 2235 materialiter
655 2166 692 2234 ex
709 2178 810 2247 seips03
828 2195 884 2233 non
902 2194 936 2232 ex
955 2178 1070 2234 materia
1087 2193 1207 2235 summac

100 2287 106 2293 ’
204 2273 334 2336 naturae;
354 2267 473 2336 alioquin
492 2283 526 2321 ex
542 2269 603 2336 ipsa
619 2265 721 2332 aliquid
738 2265 827 2329 miuus
844 2265 904 2333 ipsa
929 2264 1022 2333 fieret,
1045 2269 1073 2320 et
1089 2266 1206 2333 proinde

205 2356 267 2425 ipsa
283 2360 434 2409 mutaretur
452 2359 480 2408 et
498 2357 733 2420 corrumperetur:
752 2352 824 2420 quod
835 2351 912 2406 nefas
929 2356 973 2405 est
990 2349 1087 2406 dicere.
1106 2356 1131 2405 2.
1151 2367 1205 2406 nou
1238 2342 1241 2347 ’

206 2450 248 2498 est
266 2444 380 2509 bonum,
403 2456 452 2508 per
469 2439 542 2507 quod
553 2444 674 2494 mutatur
685 2438 730 2494 rel
744 2437 927 2520 corrumpitur
944 2453 1078 2492 summum
1096 2439 1204 2495 bonum.

157 2511 165 2522 ’
204 2532 244 2584 At
268 2527 396 2599 quicquid
421 2532 492 2601 est,
502 2542 551 2594 per
575 2541 707 2581 summam
734 2525 878 2581 essentiam
905 2532 954 2581 est.
989 2527 1063 2600 Ergo
1089 2529 1113 2582 si
1139 2526 1206 2596 quid

205 2623 247 2672 est
265 2633 299 2672 ex
318 2614 414 2672 summi
432 2614 496 2669 boni
513 2614 640 2686 materia,
659 2629 709 2683 per
724 2627 855 2667 summam
871 2613 1013 2668 essentiam
1024 2614 1206 2681 corrumpitur

205 2710 233 2759 et
251 2710 374 2758 mutatur
392 2717 526 2757 summum
544 2702 651 2756 bonum.
670 2701 708 2755 Et
719 2700 759 2755 ita
781 2715 913 2754 summum
929 2699 1038 2767 bonum,
1051 2698 1206 2756 nullatenus

204 2798 246 2847 est
263 2793 380 2847 bouum:
406 2790 479 2859 quod
506 2796 547 2845 est
571 2789 772 2844 inconveniens
808 2788 881 2856 Ergo
908 2785 986 2841 nulla
1002 2785 1090 2840 minor
1107 2791 1207 2842 natura

206 2884 248 2932 cst
264 2877 445 2932 materialiter
462 2893 497 2931 ex
516 2890 619 2931 summa
643 2880 748 2941 natura.
783 2874 860 2941 Ergo
879 2872 1073 2928 elementorum
1090 2873 1207 2927 essentia

180 3014 182 3017 .
206 2980 240 3017 ex
257 2963 332 3015 nulla
348 2965 460 3018 materia
478 2969 526 3018 est.
563 2965 638 3031 Ergo
657 2976 761 3016 summa
780 2954 898 3014 essentia
921 2963 1024 3014 tantam
1040 2973 1132 3013 rerum
1150 2975 1205 3012 mo·

208 3048 262 3104 lem
280 3048 339 3103 sola
355 3063 405 3116 per
423 3034 539 3117 seipsam
556 3048 686 3120 produxit
703 3063 738 3103 ex
755 3045 850 3101 nihilo.

223 3224 338 3291 Restat
361 3242 447 3289 uunc
470 3222 509 3289 de
533 3241 766 3289 rerumearum
788 3217 1018 3300 universitate,
1041 3234 1124 3302 quae
1146 3236 1205 3299 per

135 3330 223 3398 aliud
246 3333 338 3409 sunt,
373 3328 554 3408 discutere,
589 3327 747 3411 quomodo
770 3326 837 3390 sint
865 3341 924 3405 per
952 3341 1107 3390 summam
1131 3324 1205 3389 sub·

136 3434 305 3521 stantiam,
336 3438 444 3498 utrum
468 3434 544 3517 quia
567 3434 639 3514 ipsa
662 3431 739 3498 iecit
761 3431 929 3509 uniuersa,
961 3433 1018 3494 aut
1041 3429 1117 3512 quia
1139 3448 1204 3494 ma-

136 3540 220 3606 teria
250 3538 312 3604 luit
344 3537 576 3602 universorum.
621 3538 694 3603 Non
728 3536 813 3600 enim
837 3550 918 3615 opus
952 3540 1002 3599 est
1040 3552 1204 3616 quaerero,

136 3648 243 3709 utrum
266 3642 339 3707 ideo
361 3642 427 3707 sint
448 3642 600 3706 universa
627 3630 689 3722 per
720 3642 840 3721 ipsam;
874 3637 950 3720 quia
971 3638 1033 3704 alio
1055 3637 1205 3717 faciente,

137 3751 194 3813 aut
216 3746 280 3812 alia
301 3745 438 3812 materia
469 3743 642 3824 existente,
677 3743 735 3808 illa
768 3747 894 3809 tantum
927 3743 1070 3825 quolibet
1101 3741 1205 3822 modo,

136 3856 174 3918 ut
196 3870 248 3918 res
271 3840 382 3918 omues
406 3855 530 3930 essent,
564 3848 840 3943 adjuverit,'cum
862 3851 1021 3930 repugnet
1048 3844 1098 3910 his
1121 3862 1205 3928 quae

133 3957 207 4040 jam
231 3973 330 4038 supra
358 3958 554 4038 patuerunt,
586 3952 615 4020 si
649 3953 789 4021 secundo
810 3954 880 4022 loco
904 3956 937 4019 et
958 3969 1023 4018 nou
1044 3949 1205 4032 principa·
