2684 4546
660 259 703 321 64

145 423 288 490 admixta
302 410 561 489 dissimilitudine
577 425 791 491 omnimodam
807 425 1048 493 similitudinem
1071 429 1218 508 parentis

144 529 300 594 exhibeat.
331 528 365 593 Si
389 545 464 607 ergo
489 529 630 596 Verbum
653 531 767 597 summi
790 531 922 612 spiritus
945 532 992 598 sie
1015 538 1065 598 est
1087 535 1218 600 omuino

130 651 184 698 ‘ex
205 633 307 713 ipsine
328 633 398 698 sola
420 635 579 715 essentia,
596 620 643 700 'et
660 637 706 703 sie
729 637 939 718 singulariter
962 641 1012 701 est
1033 636 1080 702 illi
1103 638 1217 718 simile,
1291 640 1295 647 '

144 740 180 802 ut
203 735 292 802 nulla
312 736 421 818 proles
444 738 489 804 sio
513 739 555 803 sit
576 741 704 806 omuino
733 760 772 805 ex
801 741 871 807 sola
897 742 1041 822 parentis
1065 744 1217 824 essentia,

144 848 201 907 aut
223 843 269 907 sio
290 841 404 907 similis
426 844 572 924 parenti,
605 843 750 925 profecto
786 844 883 910 nullis
915 846 1013 911 rebus
1043 850 1109 912 tam
1141 864 1217 913 eon-

142 947 314 1015 venienter
332 947 458 1012 videtur
481 949 586 1029 aptari
609 949 762 1015 habitudo
777 949 922 1031 parentis
938 955 971 1016 et
985 951 1096 1033 prolis,
1119 969 1216 1034 quam
1246 1022 1250 1041 ι

143 1069 267 1117 summo
291 1051 417 1132 spiritui
440 1056 473 1117 et
490 1051 599 1120 Verbo
622 1057 701 1137 ejus.
733 1056 938 1136 Quapropter
960 1055 1046 1121 illius
1070 1060 1121 1121 est
1142 1047 1216 1136 pro·
1247 1132 1249 1137 ,

142 1157 246 1241 prium
271 1157 472 1224 verissimum
496 1177 567 1225 esse
590 1165 777 1242 parentem,
800 1160 894 1226 istius
917 1179 992 1226 vero
1015 1160 1216 1226 verissimam

142 1277 214 1327 esse
236 1260 368 1343 prolem.

438 1534 441 1538 ,
554 1422 693 1538 surus
716 1471 799 1538 nur.

264 1606 343 1674 Quod
361 1606 407 1661 ille
424 1607 564 1663 verissime
581 1610 689 1679 gignat,
708 1608 778 1663 illud
796 1609 935 1664 verissime
953 1610 1086 1680 gignatur.

140 1728 361 1797 Conspectus
382 1730 520 1798 eapitis.
542 1761 573 1774 -
593 1732 669 1799 Ergo
688 1733 784 1786 summi
802 1732 921 1802 Spiritus
939 1739 981 1788 est
999 1732 1139 1788 verissime
1156 1730 1214 1800 gig·
1257 1796 1260 1800 ,

210 1833 290 1886 nero,
309 1823 337 1872 et
355 1815 439 1872 Verbi
457 1818 516 1887 ejus
534 1819 674 1874 verissime
691 1819 774 1888 gigni.

227 1996 270 2059 ut
292 1992 352 2059 hoo
377 1997 526 2059 constare
550 2011 613 2059 non
642 1991 776 2076 poterit,
811 1994 873 2061 nisi
893 1994 1017 2078 pariter
1037 1993 1092 2059 ille
1113 1993 1213 2060 veris-

140 2099 218 2165 sime
246 2099 373 2181 gignat3
407 2103 439 2162 et
470 2097 558 2164 istud
591 2097 757 2164 verissime
789 2099 949 2182 gignatur.
994 2099 1083 2165 Sicut
1113 2098 1212 2178 igitur

138 2203 220 2269 illud
243 2209 293 2269 est
319 2203 544 2284 perspicuum,
575 2203 621 2269 ita
648 2204 709 2271 hoe
739 2222 810 2270 esse
840 2204 1049 2271 certissimum
1079 2221 1211 2269 neeesse

140 2316 197 2376 est.
243 2311 349 2390 Quare
382 2308 496 2374 summi
529 2307 669 2389 Spiritus
703 2314 752 2375 est
785 2309 949 2376 verissime
994 2311 1142 2392 gignere,
1178 2312 1212 2373 et

139 2412 237 2480 Verbi
261 2416 331 2498 ejus
354 2413 518 2479 verissime
541 2413 639 2494 gigni.
701 2420 717 2483 ζ

546 2641 803 2710 urrunnun.

137 2778 216 2849 Quod
232 2779 344 2844 alterius
361 2779 500 2836 verissime
517 2779 554 2834 sit
571 2779 799 2835 essedenitorem
813 2784 840 2834 et
851 2779 974 2848 Patrem
991 2778 1114 2849 alterins,
1132 2779 1207 2847 geni·

554 2872 613 2920 tum
630 2873 658 2923 et
675 2865 785 2921 Filium.

137 2989 511 3060 Conspectuseapitis.
532 2989 659 3057 -Ergo
686 2987 731 3042 hio
757 2987 852 3057 Pater,
878 2987 931 3042 hoo
956 2984 1045 3042 Filius
1071 2991 1125 3055 est,
1152 3002 1207 3040 non

145 3132 149 3141 „
204 3095 268 3135 sero
286 3078 332 3133 hic
349 3079 454 3147 Mater,
481 3082 509 3131 et
525 3075 578 3131 hoo
596 3077 670 3131 Filia
689 3074 741 3130 diei
763 3074 857 3129 debet:
884 3090 940 3128 non
959 3071 1032 3142 quod
1050 3074 1086 3127 sit
1103 3071 1159 3125 ulla
1178 3073 1207 3126 in

203 3165 247 3220 his
265 3181 347 3221 sexus
365 3165 534 3230 differentia3
559 3180 611 3219 neo
635 3162 708 3233 quod
727 3163 841 3218 validior
858 3163 894 3217 sit
912 3168 943 3216 ut
961 3161 1109 3230 plurimum
1124 3175 1206 3219 sexus
1302 3204 1304 3209 .

164 3281 167 3287 ·
205 3253 386 3319 masculinus:
406 3248 462 3306 ‘sod
485 3251 574 3320 potius
593 3251 658 3320 quia
675 3251 768 3305 Patris
785 3265 882 3305 nomen
902 3250 989 3317 magis
1008 3264 1090 3317 quarn
1107 3248 1206 3302 Matris

204 3338 268 3394 huia
289 3340 430 3407 convenit,
458 3339 502 3393 eui
521 3338 556 3393 ad
573 3338 739 3408 gignendum
757 3337 833 3391 nulla
851 3337 905 3391 alia
925 3352 1007 3392 eausa
1023 3337 1158 3392 sociatur:
1178 3341 1206 3390 et

143 3419 146 3425 ’
203 3441 302 3481 nornen
320 3426 384 3495 Fjlu
410 3427 496 3494 magis
519 3440 600 3495 quam
616 3426 705 3481 Filiae
722 3425 787 3479 huie
805 3425 946 3494 congruit,
969 3423 1016 3492 qui
1033 3423 1147 3477 similior
1164 3424 1207 3476 est

142 3522 147 3531 '
203 3511 295 3567 Patri:
322 3529 383 3568 oum
400 3515 489 3570 Filius
508 3529 615 3585 semper
636 3514 672 3569 sit
689 3513 766 3568 Patri
784 3511 912 3583 similior,
939 3527 1021 3581 quarn
1038 3511 1117 3579 Filia,
1136 3523 1205 3578 quas

202 3605 245 3656 est
262 3600 380 3670 disparis
398 3615 487 3658 sexus.

219 3775 344 3844 Vellem
368 3777 437 3860 iam
468 3777 615 3860 quidem,
648 3781 681 3842 et
713 3773 797 3842 forte
825 3792 969 3858 possem,
1007 3772 1098 3838 illum
1133 3790 1204 3840 esse

133 3881 298 3948 serissime
320 3883 471 3965 Patrem,
499 3882 559 3948 hoo
589 3899 664 3948 vero
692 3881 858 3948 serissime
888 3895 959 3944 esse
989 3877 1104 3943 Filium
1127 3896 1204 3945 eou-

133 3986 271 4055 oludere.
317 3987 381 4055 Sed
404 4006 464 4056 neo
486 3987 547 4055 boe
570 3985 797 4068 negligendum
828 3983 990 4062 existimo,
1020 4000 1065 4048 an
1094 3981 1202 4047 Patris
