2684 4546
397 1176 623 1348 cruori
661 1164 946 1344 menum
1005 1396 1008 1400 ,
1141 1194 1195 1271 ⁸

554 1537 787 1608 ruosiotlou
840 1533 842 1537 ’

644 1728 706 1788 SEU

283 1903 548 2017 muoouruu
574 1903 633 1989 uu
660 1903 738 1988 uu
763 1835 1059 1989 urusruuur.¹

545 2411 797 2481 PROOEMIUM.

135 2551 197 2610 Uno
213 2559 375 2621 argumento
393 2552 424 2607 in
441 2552 493 2607 hoe
512 2550 644 2621 opueculo
662 2550 915 2620 intenditorobare
932 2550 996 2620 quia
1014 2549 1089 2605 Deue
1107 2556 1164 2621 oet,
1178 2557 1211 2608 ‘et

137 2654 315 2712 quaecunque
343 2640 377 2696 de
404 2639 463 2695 Deo
488 2639 640 2707 credimur„
666 2636 822 2694 Difficultas
848 2639 945 2708 operia.
981 2637 1086 2694 Auctor
1113 2639 1211 2696 scribit

134 2729 185 2784 cub
211 2742 328 2797 perrona
356 2726 572 2796 comtemplantis
599 2725 687 2782 Deum
705 2732 733 2782 et
760 2727 915 2795 quaerentis
940 2725 1109 2795 intelligere,
1137 2725 1211 2795 quod

135 2815 229 2872 eredit.
265 2815 338 2870 Huic
356 2814 486 2883 opusculo
504 2815 578 2869 hunc
595 2813 707 2869 titulum
734 2813 860 2868 dederat:
887 2813 972 2869 Fidae
989 2828 1117 2884 guam
1133 2811 1209 2869 intel·

27 2946 29 2950 Α
136 2901 240 2959 lactum,
275 2900 382 2958 Deinde
401 2901 577 2973 Presbytero,
599 2901 628 2956 id
646 2907 688 2957 eet
704 2901 861 2973 niomium
877 2901 929 2957 hoc
947 2917 1014 2971 opus
1032 2900 1209 2972 nuncupavit
1261 2895 1267 2907 ’

221 3077 397 3161 Postquam
427 3078 615 3161 opusculum
645 3076 806 3160 quoddam
835 3077 1089 3164 (Moundogc'oa),
1121 3079 1210 3144 velut

135 3184 317 3264 exemplum
341 3181 517 3248 meditandi
533 3181 573 3246 de
589 3182 716 3247 ratione
737 3181 829 3262 fidei,
850 3183 1038 3266 cogentibus
1062 3201 1112 3248 me
1133 3201 1208 3264 pro·

135 3286 224 3353 cibus
259 3285 470 3366 quorumdam
504 3283 660 3363 fratrum,
695 3285 728 3349 in
770 3303 911 3371 persona
945 3287 1079 3371 alicujus
1112 3289 1209 3355 tacito

134 3407 242 3456 secum
265 3387 485 3455 ratiocinando
510 3408 592 3471 quae
616 3389 740 3454 nesciat
760 3389 984 3470 investigantis
1007 3390 1110 3456 edidi:
1133 3411 1208 3458 con·

134 3493 301 3571 sidereus,
333 3488 414 3558 illud
437 3511 508 3559 esse
530 3493 703 3559 multorum
727 3495 992 3562 concatenatione
1023 3500 1208 3562 contextum
1273 3532 1276 3540 ·

133 3602 410 3678 argumentorum,
445 3599 534 3681 coepi
557 3618 680 3665 mecum
712 3617 888 3682 quaerere,
922 3600 949 3664 si
981 3597 1064 3664 forte
1097 3604 1225 3679 posset,

133 3701 271 3767 inveniri
293 3719 393 3768 unum
417 3709 658 3786 argumentum,
691 3706 775 3788 quod
808 3705 894 3771 nullo
925 3705 987 3770 alio
1011 3704 1053 3769 ad
1075 3722 1110 3770 se
1132 3722 1206 3786 pro·

133 3805 293 3887 bandum,
330 3825 426 3890 quam
449 3826 485 3874 ee
508 3809 574 3874 solo
596 3808 776 3891 indigeret·;
813 3814 846 3876 et
867 3808 969 3875 solum
993 3809 1035 3873 ad
1057 3813 1206 3874 astruen-

135 3909 209 3974 dum
239 3911 314 3992 quia
335 3912 424 3981 Deus
457 3932 533 3981 vere
564 3917 632 3996 est,
665 3919 698 3982 et
728 3915 805 4000 quie
834 3918 885 3981 est
907 3931 1064 3980 summurn
1085 3914 1206 3981 bonum
