2684 4546
648 222 705 308 23'

54 472 56 476 .
134 411 261 477 ratione
283 413 391 492 potest
403 410 545 495 probari,
561 412 637 494 quia
660 430 871 496 quaecunque
894 415 1004 498 vigent
1025 436 1085 500 per
1098 422 1205 485 unum

134 514 255 598 aliquid
278 515 425 598 vigeant:
455 516 543 582 unde
574 517 654 583 illud
677 517 779 584 solnm
802 518 890 601 viget
907 538 970 601 ner
993 523 1148 604 seipsum,
1174 528 1206 590 et

134 619 199 687 alia
228 638 287 702 per
321 619 419 685 eliud.
439 685 442 691 ,
466 621 558 702 Quod
582 623 732 705 quonium
765 624 858 689 aliter
890 641 961 690 esse
992 644 1056 692 non
1088 632 1205 711 potest,

135 724 197 790 nisi
221 728 336 805 ntea,
367 744 451 808 quae
482 731 558 792 sunt
579 725 682 809 iacta,
713 747 772 811 per
806 728 894 794 alind
928 730 1075 812 vigeant,
1110 737 1143 814 et
1172 733 1207 798 id

134 847 239 912 aquo
271 827 357 897 iacta
386 836 478 913 sunt,
509 833 618 914 vigeat
639 852 698 916 per
720 833 877 915 seipsum,
913 817 1044 901 necesse
1072 841 1139 917 est,
1169 840 1208 901 ut
1277 888 1280 893 .

135 934 219 999 sicut
247 933 326 997 nihil
359 932 479 1001 factum
513 943 563 1002 est
596 938 657 1003 nisi
691 957 749 1030 per
770 930 969 1004 ¹creatricem
1002 945 1206 1020 praesentem
1272 1005 1274 1009 ,

137 1039 328 1118 essentiam,
352 1040 398 1103 ita
422 1040 500 1106 nihil
524 1042 650 1124 vigeat,
675 1043 736 1108 nisi
751 1061 810 1123 per
833 1043 976 1127 ejusdem
1001 1046 1206 1112 servatricem

135 1141 365 1225 praesentiam.

557 1302 695 1386 onnon
718 1317 804 1385 mv.

136 1454 215 1524 Quod
233 1453 281 1510 illa
298 1455 379 1510 sitin
397 1455 535 1525 omnibus,
562 1420 665 1526 et'per
690 1457 781 1512 omnia
805 1463 833 1513 et
858 1458 1023 1516 omuiaslnt
1041 1472 1076 1515 ex
1092 1459 1152 1530 iila,
1180 1467 1207 1514 et

478 1599 483 1608 ,
510 1560 560 1613 per
576 1544 663 1613 illam,
682 1549 710 1599 et
727 1544 760 1599 in'
773 1544 827 1601 illa.

135 1650 355 1718 Conspectus
381 1649 526 1717 capitis.
552 1678 588 1708 ,-
619 1649 662 1703 Ex
681 1665 735 1717 quo
755 1650 940 1720 consequitur,
959 1656 989 1705 ut
1006 1651 1054 1705 ubi
1073 1651 1207 1720 ipsauon

141 1808 144 1813 Ι
207 1744 261 1806 est,
279 1736 348 1792 nihil
368 1737 413 1792 sit.
449 1735 558 1804 Ubique
575 1736 672 1805 igitur,
690 1742 718 1791 et
734 1753 785 1807 per
796 1739 903 1807 omniu,
922 1738 953 1794 et'
967 1739 996 1792 in
1014 1737 1138 1791 omnibus
1157 1742 1205 1790 est

207 1820 365 1884 Comenim
384 1829 505 1878 creatum
524 1823 678 1879 nullatenus
695 1824 784 1880 valeat
801 1827 877 1881 exire
895 1825 1027 1894 creantis,
1046 1831 1074 1879 et
1091 1822 1207 1879 foventis

207 1911 429 1980 immensitatem,
447 1927 543 1966 creans
560 1927 627 1968 vero
640 1917 668 1967 et
679 1912 773 1968 fovens
785 1914 917 1968 excedere
935 1912 1021 1982 possit
1038 1926 1117 1967 omne
1134 1909 1207 1978 quod

206 2003 325 2051 cremum
343 2004 398 2067 est,
421 1997 507 2067 liquet
523 1999 595 2067 quod
613 2014 718 2054 summa
736 2001 855 2055 essentia
871 2000 932 2071 ipsa
940 2007 999 2069 est,
1018 2013 1088 2068 quae
1108 2001 1206 2051 cuncta

208 2085 263 2142 alia
288 2091 394 2156 portat,
420 2092 543 2156 superat,
569 2087 672 2143 claudit
690 2094 717 2142 et
733 2093 877 2158 penetrat;
901 2093 930 2144 et
950 2089 1011 2156 ipsa
1033 2085 1062 2140 in
1083 2082 1207 2138 omnibns

207 2178 249 2229 est
274 2179 302 2229 et
329 2189 379 2243 per
404 2175 509 2242 omniu;
534 2179 564 2246 et
589 2189 624 2229 ex
650 2175 725 2245 ipsu,
763 2182 791 2230 et
820 2191 871 2245 per
901 2176 1001 2244 ipsam,
1029 2178 1057 2228 et
1088 2170 1117 2224 in
1147 2170 1208 2240 ipsu

208 2263 274 2339 sunt
290 2259 389 2315 omnia

225 2436 318 2517 Quod
341 2436 369 2502 si
390 2437 437 2501 ita
464 2440 530 2514 est,
558 2433 654 2499 immo
685 2434 762 2517 quia
792 2452 831 2500 ex
863 2435 1066 2521 necessitate
1068 2433 1125 2523 sic
1148 2438 1207 2514 est,

136 2543 354 2627 consequitur,
377 2545 413 2606 ut
436 2541 490 2606 ubi
511 2541 583 2621 ipsa
605 2558 667 2605 non
692 2544 759 2618 est,
782 2539 859 2605 nihil
875 2538 924 2605 sit.
960 2538 1086 2621 Ubique
1108 2538 1208 2618 igitur

137 2654 204 2728 est,
227 2652 261 2712 et
283 2664 341 2728 per
365 2645 486 2723 omnia,
510 2647 542 2708 et
557 2643 591 2706 in
607 2641 762 2710 omnibus.
793 2644 836 2708 nt
861 2643 1010 2723 quoniam
1033 2643 1207 2707 absurdum

137 2758 203 2835 cst,
226 2757 281 2832 ut,
305 2750 442 2830 scilicet,
474 2746 741 2831 quemadmodum
766 2745 951 2812 nullatenus
974 2745 1096 2827 aliquid
1120 2763 1207 2811 crea·

136 2864 204 2924 tum
227 2861 335 2937 potest
357 2856 444 2922 exire
467 2853 606 2920 creantis
640 2857 673 2917 et
702 2836 839 2917 foventis
868 2851 1129 2930 immensitatem
1163 2851 1209 2917 sic

137 2979 252 3029 creans
277 2968 310 3025 et
330 2960 443 3025 fovens
467 2976 669 3042 nequaquam
688 2957 792 3021 valeat
807 2955 914 3037 aliquo
938 2955 1030 3021 modo
1054 2955 1209 3022 excedere

136 3064 295 3132 factorum
328 3064 588 3140 universitatem
622 3062 723 3143 liquet
754 3059 903 3142 quoniam
931 3060 1003 3141 ipso.
1032 3064 1094 3142 est,
1126 3078 1209 3141 quae

138 3166 254 3240 c'uncta
277 3168 340 3235 alia
367 3173 477 3250 portat
509 3172 541 3231 et
571 3170 724 3247 superat,
759 3165 879 3231 claudit
912 3170 945 3229 et
973 3167 1130 3246 penetrat.
1175 3163 1209 3230 Si

125 3275 235 3358 ,igitur
256 3275 336 3340 baec
358 3273 440 3352 illis,
465 3291 548 3366 quae
572 3271 721 3352 superius
743 3275 821 3336 sunt
842 3271 990 3349 inventa,
1020 3271 1209 3353 jungantur,

43 3408 47 3413 ‘
139 3383 250 3450 eadem
274 3385 324 3446 est
346 3398 428 3462 quac
457 3380 489 3444 in
521 3378 667 3443 omnibus
698 3380 764 3455 est,
798 3382 830 3441 et
860 3393 918 3459 per
950 3374 1070 3454 omnia,
1105 3378 1139 3437 et
1171 3391 1210 3437 ex

139 3504 220 3568 qua,
244 3490 277 3550 et
297 3502 356 3566 per
379 3503 492 3585 qnam,
517 3488 550 3550 et
572 3484 606 3548 in
630 3501 703 3564 qua.

559 3654 699 3725 CAPUT
722 3656 790 3722 XV.

208 3776 211 3781 ¹
253 3795 324 3865 Quid
340 3796 428 3867 possit
445 3799 492 3850 aut
509 3809 563 3850 non
580 3794 667 3864 possit
685 3788 718 3849 d'e
736 3793 785 3850 illa
805 3793 857 3850 dici
876 3790 1098 3848 substantialiter.

140 3904 358 3972 Conspectus
383 3901 524 3970 capitis.
549 3928 584 3941 -
611 3898 727 3954 Nullum·
748 3899 778 3953 in
804 3899 903 3954 creatis
925 3895 1069 3953 relativum
1088 3899 1131 3949 est
1149 3892 1211 3947 sub·

210 3989 337 4046 standale
363 3989 403 4046 illi
430 3989 463 4046 de
486 4004 540 4058 quo
557 3985 684 4043 relative>
704 3985 811 4043 dicitur.
847 3986 921 4054 Ergo
948 3984 1020 4054 quod
1048 3982 1081 4039 de
1106 3995 1214 4036 summa
