2684 4546
540 263 696 325 ,94

138 426 243 504 bouus
266 438 299 502 et
321 432 541 515 omnipotens,
563 444 691 515 semper
704 422 820 499 misere
835 429 931 496 vivat.
961 430 1080 517 Liquet
1100 409 1234 516 igitur,¹

138 542 312 607 humanam
342 539 479 604 animam
504 534 687 620 hujusmodi
710 554 806 615 esse,
829 539 866 600 ut
895 536 922 601 si
947 541 1055 628 servet
1082 536 1135 620 id,
1169 540 1212 606 ad

137 644 224 729 quod
252 647 319 723 ast,
349 641 523 726 aliquando
549 660 621 709 vare
644 660 760 708 secura
781 641 822 707 ab
846 641 919 722 ipsa
941 636 1046 709 morte
1067 648 1101 710 et
1123 647 1210 711 omni

138 749 203 816 alia
223 747 371 814 molestia
393 748 487 814 beate
511 736 605 812 vivit

537 900 677 969 orror
700 868 800 966 cxx.
841 896 846 902 ·

207 1045 285 1115 Quod
302 1044 350 1100 illa
366 1059 395 1099 se
412 1043 514 1099 amanti
531 1043 649 1112 seipsam
666 1042 808 1113 retribuat,
826 1049 858 1098 ιιι
876 1048 988 1100 aeterne
1003 1041 1085 1097 beatu
1093 1044 1137 1098 sit.

137 1169 357 1236 conspectus
391 1164 532 1233 capitis.
562 1191 594 1204 —
622 1161 767 1231 Repugnat
793 1179 867 1232 enm,
895 1165 943 1231 qui
964 1165 1134 1234 justissimus
1163 1175 1212 1240 est,

208 1253 430 1323 neu{discernere
442 1251 516 1305 inter
528 1254 663 1304 amantem
681 1253 708 1303 et
726 1254 944 1304 contemnentem
961 1250 998 1319 id,
1017 1251 1090 1320 quod
1108 1267 1212 1312 summa

136 1378 151 1409 ·.
206 1342 292 1397 amari
310 1340 407 1396 debet:
426 1344 454 1394 et
467 1353 529 1394 eum
540 1353 595 1392 non
608 1351 699 1391 amare
712 1343 849 1391 amantem
867 1351 910 1406 se,
928 1344 977 1392 aut
995 1337 1064 1393 nihil
1080 1340 1212 1408 prodesse

206 1429 241 1485 ab
260 1445 292 1484 eo
310 1427 404 1483 amari.
440 1427 513 1495 Ergo
531 1431 678 1494 repugnat,
706 1440 768 1479 eum
785 1424 854 1479 nihil
881 1425 1033 1482 retribuere
1051 1426 1156 1484 amanu‘
1172 1445 1211 1489 as·
1265 1438 1268 1443 ’

206 1518 245 1574 At
262 1516 344 1589 hujus
372 1515 485 1582 amoris,
515 1529 569 1580 quo
595 1512 737 1575 rationalia
761 1502 887 1566 creatura
911 1512 971 1568 aliis
1001 1513 1113 1583 eminet,
1142 1515 1213 1579 nibil

138 1602 142 1607 '
206 1610 364 1676 potestesse
384 1600 544 1671 praemium,
562 1600 614 1654 nisi
626 1599 699 1668 qnod
710 1598 892 1669 supereminet
903 1599 931 1655 in
944 1601 1069 1656 omnibns
1086 1603 1212 1659 naturis:

129 1710 139 1719 ·
205 1693 308 1747 bonum
326 1689 397 1745 enim
415 1686 488 1755 quod
505 1687 545 1741 sic
562 1703 591 1742 se
608 1687 696 1741 amari
713 1688 812 1757 exigit,
828 1702 885 1742 non
903 1686 994 1743 minus
1012 1702 1042 1743 se
1060 1678 1213 1753 desiderari

156 1842 161 1853 ,
207 1779 288 1846 cogit
324 1775 401 1832 Nihil
429 1791 493 1844 ergo
520 1788 625 1830 summa
649 1774 757 1829 bonitas
782 1776 934 1831 retribuere
951 1781 1041 1844 potest
1059 1778 1161 1832 amanti
1180 1792 1213 1835 ae

206 1864 370 1922 desideranti
388 1879 430 1933 se,
457 1863 510 1917 nisi
528 1864 651 1932 seipsam.
687 1863 716 1918 si
735 1863 807 1918 enim
825 1863 884 1919 vult
901 1863 999 1931 amari,
1026 1869 1058 1918 nt
1075 1863 1152 1920 aliud
1168 1881 1212 1922 re·

205 1953 323 2024 tribuat,
351 1968 407 2007 non
430 1951 491 2005 vult
515 1951 599 2006 amari
617 1955 729 2019 propter
747 1965 790 2019 se,
817 1948 866 2004 sed
883 1955 994 2019 propter
1012 1950 1102 2022 alind,
1130 1953 1214 2011 etita

205 2055 260 2095 non
279 2055 315 2109 se,
335 2038 383 2094 sed
403 2036 479 2116 uliud
495 2036 555 2092 vult
578 2036 670 2091 amari
707 2037 820 2092 Constat
839 2052 911 2106 ergo,
930 2038 996 2107 quia
1012 2038 1046 2108 is,
1064 2041 1115 2117 qui
1129 2040 1212 2113 illam,

206 2133 238 2182 ut
256 2125 350 2195 debet,
369 2123 576 2193 desideraverit,
594 2137 699 2178 summa
715 2122 872 2192 perfruetur
890 2116 1076 2194 beatitudine;
1095 2133 1123 2181 et
1140 2127 1212 2196 quod

204 2212 279 2269 illam
296 2227 435 2280 nunquam
455 2211 575 2280 amittet,
600 2211 666 2278 quia
683 2226 733 2266 nee
750 2210 824 2264 illam
842 2210 942 2280 poterit
959 2227 1014 2267 non
1033 2228 1137 2284 amare,
1162 2231 1212 2272 uec

205 2299 253 2357 illa
269 2306 405 2356 amantem
422 2314 452 2355 aa
470 2299 572 2369 poterit
589 2298 723 2355 deserere.
759 2299 834 2367 Ergo
850 2304 962 2354 aeterna
982 2297 1062 2354 beata
1079 2301 1140 2356 erit

223 2422 372 2505 Denique
395 2422 581 2487 nullatenus
605 2441 716 2487 verum
746 2421 848 2487 videri
877 2426 1004 2504 potest,
1035 2427 1072 2487 ut
1098 2423 1212 2506 justis·

136 2527 235 2592 simus
259 2533 292 2592 et
313 2527 556 2610 potentissimus
581 2527 658 2592 nihil
690 2527 850 2593 retribuat
882 2527 1003 2591 amanti
1032 2543 1067 2592 se
1100 2536 1211 2608 perse·

135 2637 306 2711 rorantem
342 2633 392 2699 cui
421 2650 484 2697 non
509 2633 631 2698 amanti
653 2632 767 2697 tribuit
801 2633 992 2712 essentiam,
1027 2636 1064 2697 ut
1097 2651 1210 2700 amans

101 2817 106 2823 ⁴
136 2754 208 2802 asse
229 2742 349 2818 posset.
380 2736 414 2804 Si
438 2737 522 2803 enim
546 2736 624 2801 nibil
639 2736 789 2802 retribuit
805 2737 944 2818 emanti,
967 2755 1031 2800 nou
1056 2736 1211 2803 discernit

126 2840 331 2923 justissimus
367 2841 452 2908 inter
475 2845 652 2922 amenum,
684 2847 717 2906 et
749 2845 1006 2907 contemnentem
1038 2842 1089 2922 id,
1123 2836 1210 2925 qnod

135 2961 257 3009 summa
291 2945 392 3010 amari
427 2945 633 3025 debet,‚uee
666 2948 753 3010 amat
787 2949 949 3011 amantem
979 2961 1032 3027 se,
1065 2952 1210 3013 autnon

134 3048 267 3129 prodest
300 3050 339 3116 ab
373 3049 429 3115 illo
462 3047 580 3114 amari:
614 3067 698 3132 quae
733 3049 838 3114 omnia
869 3051 909 3116 ub
942 3050 996 3116 illo
1021 3051 1208 3116 dissonant:

135 3152 286 3217 retribuit
308 3153 408 3231 igitur
430 3152 516 3217 omni
540 3168 574 3216 se
598 3170 707 3218 amare
730 3153 960 3233 perseveranti.
992 3154 1076 3233 Quid
1099 3161 1208 3236 autem

134 3254 309 3320 retribuit?
333 3255 367 3321 Si
390 3256 487 3321 nihilo
511 3255 600 3320 dedit
613 3257 804 3322 rationalem
830 3259 1013 3340 essentiam,
1037 3265 1074 3324 ut
1096 3279 1208 3326 amans

135 3363 238 3438 esset,
261 3359 337 3441 quid
361 3359 452 3424 dabit
474 3360 613 3440 amanti,
647 3361 675 3424 si
698 3379 807 3427 amare
829 3381 894 3427 non
918 3363 1047 3428 cesset?
1084 3363 1208 3430 Situm
1246 3351 1252 3359 ’

134 3461 257 3542 grande
269 3466 327 3542 est,
350 3445 436 3545 quo'd
452 3463 552 3529 amori
567 3460 758 3546 famulatur,
782 3467 1012 3548 quamgrande
1035 3471 1094 3547 est,
1117 3467 1206 3551 quod

136 3565 237 3631 amori
259 3566 545 3647 recompensatur?
569 3568 611 3633 ut
633 3568 661 3633 si
683 3568 749 3634 tale
765 3575 814 3635 est
837 3571 954 3637 amoris
976 3569 1206 3652 fulcimentum,
1235 3657 1239 3663 η

123 3671 231 3754 ,quale
254 3675 304 3736 est
326 3673 444 3737 amoris
470 3673 746 3740 emolumentum?
769 3664 851 3742 Nam
875 3677 903 3742 si
926 3676 1094 3745 rationalis
1117 3694 1207 3743 crea-

134 3779 224 3855 tura,
248 3792 332 3857 quse
355 3776 416 3842 sibi
436 3772 561 3842 inutilis
583 3783 634 3843 cst
656 3779 726 3845 sine
748 3780 809 3846 hoc
830 3798 956 3861 amora,
978 3779 1006 3846 si
1030 3781 1151 3846 eminet
1172 3781 1206 3846 in

135 3879 285 3946 omnibus
317 3882 492 3947 meaturis:
527 3868 639 3963 udone
671 3882 751 3948 nihil
784 3888 893 3966 potest
924 3900 995 3950 assa
1028 3885 1206 3967 praemium

61 4011 62 4014 ¹
133 3981 230 4067 hujus
253 3987 387 4067 amoris,
412 3986 474 4052 nisi
495 3986 582 4069 quod
604 3972 823 4069 supereminet
842 3988 877 4054 in
900 3987 1048 4055 omnibus
1073 3989 1205 4056 naturis.
