2684 4546
688 277 729 338 50

243 454 286 504 est
311 449 371 516 ipse
395 461 446 501 sue
469 444 664 513 intelligentia:
692 437 757 510 ergo
784 448 1014 498 summeneture
1042 450 1084 498 εει
1109 443 1170 511 ipsc
1194 458 1247 499 suo

242 535 357 604 locatim
387 540 416 588 et
431 532 499 588 hoec
516 538 559 588 εει
575 531 617 586 illi
635 524 886 600 consubstantialis,
912 530 977 598 quie
1002 530 1062 599 ipse
1088 529 1246 587 individuus

156 645 162 652 ·
243 629 285 679 εει
301 620 424 690 spiritns.
859 644 862 649 ·

259 847 331 912 Jam
352 864 428 910 uero
452 843 511 923 his,
535 861 619 924 quae
642 843 683 908 dc
704 843 958 925 proprietatibus
980 843 1076 926 hujus
1100 862 1247 912 summae

174 965 311 1024 naturae
333 952 375 1018 cd
397 966 552 1031 praesens
575 942 652 1012 mihi
678 949 793 1020 ducem
823 949 982 1012 rationem
1012 951 1161 1031 sequenti
1194 969 1246 1017 oc·
1301 1006 1305 1012 .

174 1062 360 1139 currerunt,
388 1053 586 1136 perspectis,
619 1058 835 1134 opportunum
859 1054 1020 1135 existimo,
1053 1061 1090 1119 ut
1113 1057 1152 1120 de
1176 1058 1246 1140 ejus

167 1164 348 1242 locutione,
378 1178 438 1241 per
466 1175 562 1241 quam
585 1153 671 1222 facts
693 1163 771 1221 sunt
792 1158 917 1238 omnis,
948 1159 975 1223 si
1007 1160 1085 1242 quid
1115 1163 1246 1244 possim,

174 1268 381 1347 considerem.
410 1262 538 1328 Etenim
563 1281 633 1327 cum
649 1262 764 1342 omnia,
786 1281 868 1344 quse
893 1262 932 1328 de
954 1262 1011 1328 illa
1034 1282 1133 1347 supro
1155 1267 1246 1353 potui
1316 1316 1320 1321 .

174 1374 449 1449 animadvertere,-
486 1366 619 1432 rationis
650 1367 748 1432 robur
777 1366 951 1434 inflexibile
979 1376 1145 1451 teneant,⁴
1164 1371 1246 1437 illud

173 1496 224 1546 me
247 1478 384 1544 menime
407 1472 492 1554 cogit
522 1471 578 1544 de,
596 1470 653 1535 illa
684 1458 870 1550 diligentius
904 1473 1080 1556 discutere,
1115 1477 1191 1558 quia
1213 1477 1246 1542 id

79 1638 90 1654 ,
173 1584 297 1665 ipsum,
320 1578 405 1662 quod
435 1577 506 1656 ipse
538 1592 681 1639 summus
712 1577 845 1658 spiritus
874 1583 944 1658 εει,
977 1580 1134 1662 probatur
1165 1599 1245 1648 esse.

174 1686 209 1753 Si
233 1686 318 1752 enirn
342 1682 397 1747 ille
427 1679 506 1745 nihil
536 1677 629 1759 fecit,
665 1681 727 1744 nisi
757 1699 817 1762 per
846 1682 1002 1764 seipsum,
1032 1688 1064 1749 et
1093 1684 1246 1768 quicquid
1298 1721 1302 1727 ·

174 1790 214 1856 ab
237 1807 275 1854 eo
300 1785 421 1853 loetum
437 1789 497 1864 εει,
513 1802 573 1866 per
595 1783 681 1848 illum
707 1784 913 1866 estfactum,
936 1789 1095 1869 quomodo
1118 1791 1173 1855 illa
1196 1795 1247 1857 εει

174 1895 272 1975 eliud,
296 1911 392 1976 quum
415 1889 500 1973 quod
524 1895 575 1955 est
596 1888 680 1954 idem
703 1889 797 1972 ipsc?
821 1891 982 1973 Amplius:
1008 1899 1159 1959 asserunt
1183 1896 1245 1960 uti·

175 2016 238 2083 que
259 1995 527 2078 inexplicabiliter
539 2013 586 2074 ea,
611 2012 695 2076 quae
714 1995 783 2077 J'nrn
799 1995 932 2062 inventu
947 2006 1041 2079 sunt,
1065 2000 1141 2082 quio
1164 1999 1245 2066 nihil

174 2104 305 2170 omnino
342 2102 448 2185 potuit
484 2118 624 2182 unquam
661 2104 719 2167 out
757 2106 865 2184 potest
902 2104 1079 2170 subsistere
1116 2109 1247 2186 practer

61 2260 64 2265 .
175 2213 338 2274 creontem
361 2206 507 2288 spiritum
532 2209 565 2270 ει
586 2204 657 2286 eJus
681 2211 869 2272 creaturam.
898 2208 992 2274 Hanc
1014 2227 1090 2274 vero
1113 2210 1247 2290 spiritus

173 2314 318 2396 ejusdem
340 2312 533 2380 locutionem
555 2310 750 2392 impossibile
774 2317 823 2377 εει
837 2313 924 2378 inter
940 2318 1047 2378 creata
1070 2314 1245 2380 contineri:

125 2456 137 2474 κ
172 2419 324 2501 quonism
340 2416 491 2499 quicquid
507 2422 650 2482 creatum
672 2416 834 2496 subsistit,
858 2435 917 2499 per
931 2417 1018 2483 illam
1036 2417 1156 2486 fuctum
1179 2423 1246 2499 εει;

172 2521 229 2587 illa
252 2539 328 2588 vero
351 2539 409 2603 per
433 2537 467 2584 se
490 2517 560 2584 fieri
584 2536 648 2584 non
671 2521 785 2602 potuit.
828 2522 915 2587 Nihil
938 2523 1058 2605 quippe
1078 2541 1137 2604 per
1161 2525 1245 2606 seip-

173 2643 244 2691 sum
266 2624 335 2691 fieri
356 2629 479 2707 potest,
502 2627 578 2708 quis
599 2625 751 2708 quicquid
772 2625 825 2707 fit,
856 2629 1017 2709 posterius
1041 2633 1091 2694 cst
1115 2649 1162 2709 εο,
1185 2647 1247 2710 per

114 2744 118 2755 ’
174 2731 259 2812 quod
280 2730 333 2809 1ι;
357 2736 390 2795 ει
411 2729 491 2796 nihil
513 2732 563 2795 est
583 2732 746 2810 posterius
762 2731 878 2812 seipso.
908 2731 1113 2814 Relinquitur
1134 2733 1245 2814 itaque

172 2839 210 2898 ut
231 2832 311 2900 haec
342 2834 458 2900 summi
488 2833 621 2917 spiritus
647 2834 779 2915 locutio,
808 2855 880 2903 cum
911 2844 1059 2904 creatura
1087 2855 1245 2903 essenon

172 2938 290 3020 possit,
325 2959 389 3004 non
419 2938 461 3005 sit
489 2938 575 3004 aliud
607 2958 702 3023 qnam
731 2957 875 3007 summus
897 2941 1040 3023 spiritus.
1084 2942 1244 3024 Denique,

171 3040 253 3108 haec
274 3042 346 3125 ipse
367 3043 484 3110 locutio
508 3043 586 3109 nihil
610 3043 696 3109 eliud
726 3031 834 3126 potest
862 3045 1000 3126 intelligi
1028 3066 1123 3129 quam
1158 3049 1244 3131 ejus·

173 3146 246 3212 dem
276 3149 409 3230 spiritus
438 3147 672 3229 intelligentia,
706 3168 770 3233 quc
805 3154 921 3217 cuncto
952 3151 1113 3232 intelligit.
1159 3138 1244 3231 Quid

172 3251 255 3316 onim
279 3257 329 3317 est
351 3251 439 3316 aliud
461 3251 509 3316 illi
523 3270 590 3316 rem
606 3251 694 3335 loqui
711 3254 867 3337 aliquam,
891 3256 950 3322 hoc
964 3257 1118 3339 loquendi
1140 3257 1244 3339 modo,

90 3407 98 3412 .
171 3374 266 3437 quom
289 3355 497 3436 intelligere?
542 3354 641 3421 Nam‘
657 3375 723 3421 nou
752 3363 789 3422 ut
811 3357 905 3424 homo
928 3379 992 3424 non
1016 3379 1143 3442 semper
1166 3360 1244 3426 dicit

171 3462 258 3541 quod
279 3459 439 3540 intelligit.
484 3458 518 3524 Si
539 3459 640 3540 igitur
661 3477 785 3525 summe
806 3461 941 3544 simplex
963 3467 1081 3531 natura
1104 3483 1169 3530 non
1193 3471 1244 3531 est

57 3600 62 3608 -
171 3562 269 3642 aliud,
292 3579 388 3644 quom
413 3562 498 3642 quod
510 3566 559 3629 est
574 3580 633 3629 suo
647 3562 878 3647 intelligentia,
900 3568 1169 3649 quemadmodum
1194 3574 1244 3636 cst

170 3665 273 3746 idem,
306 3665 392 3747 quod
415 3670 465 3730 εει
487 3684 546 3732 sua
568 3668 745 3750 supientia,
782 3689 914 3738 necesse
937 3678 1004 3754 εει,
1037 3679 1074 3738 ut
1095 3674 1243 3751 similiter

72 3788 76 3796 ·
102 3766 105 3771 ’
171 3787 235 3835 non
259 3769 302 3834 sit
324 3769 420 3853 uliud,
444 3789 540 3854 quarn
564 3773 650 3855 quod
673 3779 723 3841 est
744 3793 805 3841 suu
825 3777 953 3843 locutio.
1001 3774 1066 3843 Sed
1091 3777 1244 3859 quonism

166 3872 236 3954 jorn
257 3872 464 3943 manifestum
487 3882 537 3944 est
559 3896 717 3946 summum
734 3882 882 3963 spiritum
896 3886 995 3946 unum
1019 3886 1145 3948 tuntum
1162 3900 1242 3964 esse,

171 3984 205 4042 ει
226 3979 406 4049 omnimode
428 3982 644 4069 individuum,
668 4003 801 4054 necesse
815 3991 877 4067 εει,
898 3990 935 4051 ut
950 3985 996 4053 sic
1010 3985 1091 4054 haec
1114 4003 1174 4053 suo
1195 3987 1242 4051 lo·
