2684 4546
559 100 630 191 5

677 263 719 328 42

161 437 241 519 alio,
273 453 370 521 qnam
393 452 464 499 cunr
488 414 605 501 dicitur
628 445 701 499 esse
732 449 803 497 cnm
834 429 906 496 alio.
951 428 991 496 In
1013 429 1100 495 nullo
1122 427 1233 521 itaque

160 541 230 608 loco
252 540 304 605 vel
333 544 477 620 tempore
507 538 638 620 proprie
672 536 788 603 dicitur
823 553 912 614 csse,
944 534 1020 618 qula
1053 534 1183 601 omnino
1214 551 1234 600 a

161 643 251 713 nullo
274 641 336 709 alio
356 641 561 709 continetur:
585 644 618 707 et
640 639 798 706 tamenin
814 639 901 704 omni
921 638 991 705 loco
1014 638 1065 705 vel
1088 642 1234 720 tempore

161 765 222 814 suo
255 748 392 830 quodam
423 748 516 811 modo
547 745 608 810 dici
638 749 747 826 potest
779 761 867 820 esse;
900 742 1051 825 quoniam
1083 740 1234 824 quicquid

161 851 251 917 alind
274 856 338 930 est,
363 868 404 915 ne
426 849 460 914 in
485 840 622 915 nihilum
644 850 754 929 cadat,
778 849 819 914 ab
843 866 882 912 ea
903 851 1073 928 praesente
1096 847 1245 913 sustine-1

162 961 232 1021 tur:
257 955 289 1020 in
313 955 399 1020 omni
422 954 491 1021 loco
516 959 707 1036 attempero
724 959 789 1034 est,
812 951 991 1035 quianulli
1014 951 1122 1028 abest;
1145 951 1234 1023 etin
1335 936 1336 940 ¹

163 1059 250 1125 nullo
273 1064 340 1138 est,
363 1059 439 1142 quia
462 1059 585 1124 nullum
607 1059 712 1125 locum
736 1061 792 1123 aut
815 1062 942 1139 tempus
973 1055 1088 1136 habet,
1119 1057 1234 1122 necin

162 1181 198 1228 se
221 1162 335 1244 recipit
358 1162 578 1229 distinctiones
601 1162 744 1230 locorum
777 1168 833 1228 ant
863 1169 1060 1242 temporum;
1095 1179 1155 1226 nee
1184 1160 1236 1226 bic

162 1265 214 1332 vel
238 1265 322 1344 illic,
345 1267 395 1330 vel
419 1264 555 1346 alieubi,
580 1267 630 1332 vel
652 1271 745 1345 tnnc,
771 1254 820 1331 vel
845 1283 947 1344 nunc,
972 1263 1022 1331 vel
1046 1263 1236 1346 aliquand03

167 1389 226 1437 nee
249 1371 423 1436 secundum
446 1371 541 1438 labile
563 1389 718 1452 praesens
741 1375 878 1451 tempus,
914 1388 977 1453 quo
1001 1369 1141 1449 utimur,
1176 1374 1236 1448 est,

165 1478 222 1539 aut
245 1473 421 1541 secundum
443 1474 669 1556 praeteritum,
704 1473 754 1539 vel
786 1472 945 1553 futurum,
980 1470 1057 1550 init,
1092 1472 1236 1551 velerit,

164 1579 316 1666 quoniam
347 1577 427 1643 haee
461 1578 774 1660 circumscriptorum
808 1583 841 1644 et
874 1574 1074 1643 mutabilium
1107 1575 1238 1657 propria

53 1691 58 1703 ’
164 1687 254 1760 suut3
278 1682 365 1763 quod
387 1681 442 1746 illa
465 1701 528 1750 non
552 1688 609 1750 est.
655 1683 698 1748 Et
720 1688 829 1749 tamen
852 1683 940 1759 haec,
955 1682 996 1748 do
1019 1699 1059 1747 eo
1081 1680 1234 1763 quodam·

164 1783 258 1849 modo
281 1783 342 1849 diei
372 1791 526 1865 possunt;
557 1786 707 1868 quoniam
739 1787 785 1853 sic
817 1791 866 1851 est
899 1803 1055 1868 praesens
1088 1784 1236 1850 omnibus

165 1885 412 1968 circumscriptis
435 1892 467 1953 et
497 1889 720 1971 mutabilibus,
750 1889 844 1955 acsi
874 1888 932 1955 illa
961 1889 1238 1956 circumscribatur

150 1991 286 2058 'eisdem
309 1990 404 2072 locis,
428 1997 461 2058 et
476 1997 619 2057 mutetur
642 1995 848 2082 temporibus.
879 1994 974 2060 Patet
995 1994 1114 2077 itaque,
1136 1982 1237 2074 qnan-

166 2099 235 2160 tum
251 2095 330 2162 satis
348 2099 398 2162 est
412 2096 453 2161 ad
470 2096 726 2179 dissoluendum,
751 2116 835 2181 quae
850 2097 1039 2178 insonabat,
1063 2095 1237 2171 contrarie·

166 2203 283 2279 tatem,
307 2200 445 2284 qualiter
461 2218 585 2268 summa
599 2202 740 2269 omnium
756 2202 898 2277 essentia
912 2202 1032 2285 ubique
1048 2205 1081 2268 et
1102 2214 1237 2281 semper,

127 2380 132 2390 ¹
167 2307 201 2370 et
223 2321 381 2388 nusquam
407 2311 439 2371 et
469 2324 651 2389 nunquam,
683 2306 716 2373 id
747 2312 812 2386 est,
842 2307 876 2372 in
905 2307 991 2373 omni
1020 2311 1053 2374 et
1088 2305 1121 2371 in
1150 2303 1238 2370 nullo

165 2406 252 2487 loco,
276 2414 333 2474 aut
355 2413 500 2490 tempore
523 2412 580 2492 sit,
600 2413 695 2495 jnxta
711 2413 911 2479 diversorum
926 2410 1147 2478 intellectuum
1163 2417 1238 2474 coni

73 2535 77 2542 ·
168 2510 295 2579 sordem
319 2513 498 2582 veritatem.
613 2527 619 2540 ·

563 2706 703 2775 CAPUT
725 2706 844 2777 XXIII.

185 2837 439 2906 Quomodomelins
458 2843 572 2914 intelligi
590 2842 676 2914 possit
693 2856 752 2898 csso
776 2841 889 2912 ubique,
913 2843 1041 2912 quanin
1059 2841 1134 2899 omni
1153 2841 1221 2899 loco.

167 2957 386 3029 Conspectus
403 2965 547 3034 eapitis.
565 2993 600 3007 -
617 2964 684 3020 cnm
701 2963 797 3019 localia
814 2963 897 3020 verba
915 2963 986 3034 (nbi,
1006 2964 1059 3035 ibi,
1079 2963 1141 3033 etc.)
1160 2977 1241 3034 saepo

236 3047 510 3119 irreprehensibiliter
520 3049 713 3119 'attribuantur'
730 3053 825 3122 robus,
849 3067 919 3122 quae
937 3068 988 3108 nec
1006 3051 1067 3108 loea
1083 3055 1163 3118 sunt,
1189 3064 1241 3105 nce

239 3136 487 3209 circumscriptione
504 3139 584 3197 locali
601 3141 790 3210 continentur,
814 3146 846 3195 ut
869 3156 930 3196 curn
948 3140 1049 3196 dicitnr
1066 3139 1105 3194 ibi
1123 3152 1182 3194 esso
1199 3135 1239 3190 in·

173 3218 174 3223 ’
239 3222 365 3280 tellectus
381 3227 409 3281 in
428 3228 532 3296 animo,
552 3226 598 3282 nbi
617 3233 659 3283 est
677 3226 863 3296 rationalitas:
887 3242 991 3283 summa
1015 3231 1114 3281 natura
1131 3222 1241 3290 ubique,

236 3308 265 3363 id
283 3311 370 3366 estin
389 3314 512 3369 omnibus
534 3328 605 3382 qnae
631 3320 710 3384 snut,
735 3329 795 3369 esse
820 3315 910 3384 aptius
936 3314 1053 3383 dieitur,
1077 3314 1242 3382 qnam'esse
1301 3355 1305 3369 ,

176 3403 178 3406 ’
238 3396 267 3452 iu
286 3399 410 3455 omnibus
428 3399 504 3455 locis.
540 3400 603 3455 Non
621 3401 692 3456 enirn
710 3399 785 3456 volut
803 3416 873 3468 qnae
898 3401 1083 3469 contineatur,
1108 3397 1155 3454 sod
1172 3411 1243 3465 quas

240 3485 408 3552 penetrando
426 3493 526 3567 cuneta
542 3488 694 3558 contineat,
713 3488 742 3543 iu
760 3486 886 3544 omnibns
905 3494 956 3544 est.

257 3656 374 3740 Verum
399 3677 470 3725 cunr
495 3668 620 3729 constet
650 3664 795 3737 eamdem
826 3681 982 3730 summam
1005 3666 1155 3727 naturam
1176 3677 1242 3724 non

169 3760 272 3841 magis
295 3779 366 3828 esse
387 3761 422 3828 in
445 3764 591 3832 omnibus
612 3768 706 3848 locis,
730 3785 829 3852 quam
846 3768 879 3833 in
896 3765 1043 3857 omnibus
1058 3781 1142 3845 quas
1157 3767 1244 3843 snut,

169 3882 233 3930 non
256 3865 346 3930 volnt
360 3881 443 3949 quoe
462 3871 705 3955 contineantur,
728 3874 786 3940 sed
802 3889 884 3955 qnae
902 3868 1104 3953 penetrando
1128 3872 1244 3935 cuncta

168 3969 347 4037 contiueat:
385 3988 443 4039 cnr
465 3991 530 4044 non
553 3977 678 4065 dicatur
700 3995 773 4048 esse
790 3975 931 4059 ubique,
964 3971 1025 4041 boc
1054 3989 1172 4055 sensu,
1204 3974 1242 4038 ut
1267 4014 1272 4021 ·
