2684 4546
644 245 705 309 loo

133 415 223 484 nullo
247 411 308 482 alio
335 413 502 497 indigens,
537 418 571 482 et
593 432 656 498 quo
679 412 788 481 omnia
813 411 978 494 indigent,
1008 416 1046 478 ut
1076 412 1143 479 siut
1174 417 1207 482 et

133 521 217 588 bene
240 519 321 599 siut;
346 524 379 585 et
402 537 623 601 quaecumque
647 519 806 585 credimus
822 519 863 584 de
883 517 992 584 diviua
1015 517 1207 600 substantia,

133 622 304 691 sufficeret.
350 622 401 687 Ad
424 623 508 705 quod
532 641 603 689 cum
635 639 733 704 saepo
755 621 962 704 studioseque
984 620 1208 703 cogitationem

136 732 357 797 converterem
393 732 491 810 atque
524 727 699 810 aliquando
731 726 807 793 mihi
837 726 1002 793 videretur
1036 726 1103 809 Jam
1138 724 1209 808 capi

134 852 232 918 posse
255 835 340 916 quod
365 833 576 915 quaerebam,
607 831 781 916 aliquando
812 830 929 898 mentis
958 830 1055 897 aciem
1079 829 1208 896 omniuo

135 938 279 1021 fugeret,
304 937 434 1003 taudem
459 938 635 1020 desperans
652 936 737 1003 volui
760 953 906 1016 cessare,
930 936 1019 1003 velut
1040 936 1080 1002 ab
1104 933 1208 1018 inqui-

136 1043 252 1109 sitione
284 1041 347 1125 rei,
382 1059 478 1123 quam
511 1041 648 1107 inveniri
682 1046 770 1107 esset
793 1039 1004 1122 impossibile.
1050 1038 1115 1105 Sed
1137 1056 1210 1104 cum

136 1146 223 1212 illam
247 1145 495 1226 cogitationem,
519 1164 561 1210 ue
583 1150 723 1211 mentem
745 1164 850 1213 meam
871 1143 993 1211 frustra
1014 1142 1210 1226 occupando,

138 1251 178 1317 ab
201 1249 289 1331 aliis,
312 1250 346 1314 in
369 1251 485 1333 quibus
509 1249 663 1332 proficere
693 1266 839 1332 possem,
867 1248 1056 1330 impediret,
1078 1246 1209 1328 penitus

138 1371 158 1418 a
179 1372 230 1419 me
252 1347 366 1444 vellem
390 1353 578 1439 excludere;
612 1356 689 1420 tuuc
711 1344 813 1436 magia
835 1368 875 1419 ac
896 1351 997 1432 magis
1031 1349 1154 1415 uolenti
1177 1354 1210 1415 ct

138 1457 324 1526 defendenti
347 1477 381 1525 se
404 1459 510 1541 coepit
533 1478 604 1525 cum
627 1457 868 1540 importunitate
890 1455 1029 1540 quadam
1053 1454 1210 1535 ingerere.

85 1621 89 1627 .
139 1563 283 1643 Quadam
305 1563 404 1645 igitur
427 1563 496 1642 die,
533 1582 603 1629 cum
635 1562 842 1629 vehementer
876 1561 946 1644 ejus
975 1558 1222 1643 importunitati·

138 1668 319 1738 resistendo
349 1666 521 1747 fatigarer,
556 1666 590 1731 iu
623 1667 693 1748 ipso
727 1666 956 1748 cogitationum
989 1661 1137 1731 conflictu
1166 1661 1212 1729 sic

73 1825 77 1828 .
139 1789 175 1837 se
197 1772 313 1837 obtulit
334 1771 420 1855 quod
454 1773 717 1854 desperaveram,
747 1777 785 1836 ut
814 1757 958 1837 studiose
987 1766 1211 1850 cogitationem

140 1877 368 1958 amplecterer,
400 1895 496 1960 quam
520 1876 674 1951 solh'citus
698 1876 902 1957 repellebam.
949 1875 1131 1941 Aestimans
1152 1870 1212 1953 igi·

139 1985 202 2061 tur,
219 1981 303 2061 quod
318 1999 368 2046 ms
388 1980 568 2063 gaudebam
584 1980 765 2062 iuvenisse,
788 1979 985 2063 siscriptum
1008 1981 1093 2043 esset
1117 1974 1212 2042 alicui

139 2084 261 2166 legenti
283 2085 492 2167 placiturum,
528 2087 568 2152 de
597 2086 658 2152 boc
687 2086 757 2168 ipso
788 2089 822 2151 ot
847 2085 888 2151 de
914 2081 1106 2167 quibusdam
1130 2079 1211 2161 aliis,

140 2190 200 2256 sub
222 2206 362 2271 persona
390 2190 537 2256 conantis
565 2190 690 2270 erigere
723 2191 863 2254 mentem
894 2205 985 2254 suam
1007 2187 1050 2253 ad
1073 2187 1212 2252 coutem-

137 2293 293 2377 plaudum
322 2294 446 2376 Deum,
481 2299 514 2359 ct
547 2293 734 2376 quaerentis
767 2292 948 2373 intelligere
982 2289 1068 2373 quod
1100 2288 1213 2368 credit,

91 2416 96 2433 ·
139 2398 302 2465 subditum
326 2399 445 2481 scripsi
472 2398 671 2480 opusculum.
716 2397 760 2465 Et
789 2396 940 2480 quoniam
962 2413 1022 2463 uec
1044 2395 1130 2462 istud
1153 2410 1214 2461 uec
1279 2471 1285 2484 ι

138 2502 235 2585 illud,
259 2504 351 2587 cujus
374 2521 473 2586 supra
495 2503 643 2584 memini,
666 2503 795 2586 dignum
818 2500 892 2566 libri
915 2500 1058 2580 nomine,
1082 2502 1139 2564 aut
1161 2497 1213 2564 cni

139 2607 277 2673 auctoris
310 2611 567 2689 praeponeretur
603 2624 740 2685 nomeu,
772 2602 978 2687 judicabam3
1013 2621 1072 2668 nec
1103 2605 1212 2667 tamen

140 2711 252 2778 eadem
275 2711 346 2778 sine
368 2712 475 2794 aliquo
499 2711 610 2791 titulo,
642 2728 704 2793 quo
736 2708 894 2791 aliquem,
925 2707 958 2771 iu
983 2705 1074 2789 cujus
1097 2719 1212 2768 manus

97 2884 100 2889 ,
139 2816 305 2897 venirent,
338 2816 571 2900 quodammodo
605 2816 646 2882 ad
678 2833 715 2882 se
746 2813 917 2898 legendum
939 2812 1130 2890 invitarent,
1166 2808 1213 2875 di-

139 2918 296 2983 mittenda
317 2921 489 3000 putabam,
513 2920 790 3002 uuicuiquesuum
807 2918 881 2983 dedi
897 2916 1037 2996 titulum,
1061 2920 1098 2979 ut
1122 2915 1212 2997 prius

141 3021 321 3101 exemplum
344 3022 520 3088 meditandi
549 3023 588 3088 dc
618 3023 746 3088 ratione
776 3021 868 3100 fidei,
902 3025 936 3085 et
963 3034 1103 3102 sequens
1133 3016 1213 3082 fides

140 3142 299 3209 quaerens
321 3123 520 3191 intellectum
543 3125 711 3191 diceretur.
752 3124 816 3191 Sed
843 3141 913 3188 cum
933 3123 1001 3206 jam
1025 3140 1046 3187 a
1066 3120 1214 3204 pluribus

141 3229 285 3296 cumbis
313 3228 417 3294 titulis
448 3232 621 3310 utrumque
652 3228 880 3310 transcriptum
903 3229 1006 3306 esset,
1041 3228 1215 3307 coegerunt

86 3344 89 3348 ’
141 3352 192 3398 me
214 3334 339 3415 plures,
364 3339 396 3400 et
418 3334 554 3402 maxime
575 3334 774 3401 reuerendus
797 3329 1060 3413 archiepiscopus
1083 3328 1215 3411 Lugdu-

142 3437 270 3516 nensis,
300 3439 394 3519 Hugo
411 3441 562 3520 nomine,
596 3437 736 3520 iungens
765 3438 800 3502 in
823 3435 930 3504 Gallia
952 3435 1115 3516 legatione
1139 3451 1215 3514 apo·

141 3541 271 3623 stolica,
303 3541 359 3625 qui
381 3543 455 3607 mihi
478 3544 538 3610 hoc
561 3562 600 3608 ex
623 3541 799 3625 apostolica
828 3539 994 3622 praecepit
1030 3536 1212 3614 autoritate,

141 3651 179 3711 ut
213 3664 329 3713 nomeu
362 3664 467 3711 meum
500 3646 564 3710 illis
596 3645 858 3726 praescriberem.
912 3629 1076 3723 Quod'ut
1108 3638 1214 3718 aptius

142 3749 249 3833 fieret,
280 3751 362 3817 illud
394 3750 524 3834 quidem
557 3741 791 3830 Monologium‚
834 3747 867 3811 id
901 3750 951 3813 est
985 3743 1216 3826 Soliloquiam3

141 3853 326 3921 istud-vero
348 3856 552 3938 Proslogion,
573 3852 607 3930 id
631 3856 680 3918 est
701 3853 889 3936 Alloquimn
911 3847 1083 3916 nominavi.
