2684 4546
650 257 691 319 ⁷5

559 460 699 562 caena
719 494 804 563 nm.

133 626 213 697 Quod
230 627 302 684 idem
320 643 395 684 amor
413 629 449 685 sit
465 628 584 701 idipsum
602 629 675 700 qnod
699 634 741 686 est
765 645 886 687 summus
909 631 1035 705 spiritns3
1063 640 1091 692 st
1116 640 1212 693 tamen·
1326 648 1330 655 '

343 716 403 784 ipsa
421 717 458 773 sit
474 732 536 771 aum
554 717 635 774 Patra
653 723 681 774 et
697 717 769 774 Filio
787 735 858 776 nnus
878 719 998 790 spiritus.

127 838 352 912 *Conspectus
378 839 517 908 capitis.
541 816 575 881 ’-
598 839 676 896 Nihil
701 846 792 910 potest
819 857 879 897 essa
902 858 953 912 par
969 816 1079 899 'summo
1098 810 1207 914 spiritui

204 926 258 982 nisi
275 941 395 982 summus
412 927 531 996 spiritus.
567 927 633 983 Cum
651 943 716 998 ergo
734 930 879 985 amor'ists
896 936 989 986 tantus
1014 931 1063 998 sit,
1090 935 1207 1000 quantus

182 1033 185 1038 ·
206 1018 247 1068 est
265 1028 386 1069 summus
404 1014 532 1082 spiritus,
550 1014 637 1082 liquet
654 1016 720 1084 quia
737 1017 788 1070 ists
807 1032 882 1072 amor
895 1023 937 1072 eat
948 1033 1068 1072 summus
1087 1018 1207 1087 spiritus.

205 1100 311 1156 Deinde
324 1102 374 1156 etsi
388 1101 456 1156 nihil
474 1117 593 1170 unquam
606 1103 737 1173 existeret
750 1118 831 1171 quam
842 1120 962 1161 summus
981 1104 1105 1174 spiritns,
1124 1104 1208 1160 Pater

207 1193 236 1244 et
251 1187 339 1243 Filius
357 1188 532 1243 nihilominus
551 1189 654 1258 seipsos
672 1195 700 1244 et
717 1190 832 1245 invicem
851 1190 1003 1261 diligerent
1039 1192 1113 1260 Ergo
1132 1207 1208 1249 amor

209 1277 262 1332 ista
281 1291 336 1330 non
355 1280 397 1331 est
415 1274 489 1330 aliud
516 1290 596 1344 quam
623 1276 695 1345 quod
721 1283 763 1332 est
779 1277 863 1333 -Pater
889 1285 917 1333 et
939 1278 1041 1347 Filius,
1068 1277 1140 1347 quod
1166 1282 1209 1333 est

205 1377 311 1418 summa
336 1364 462 1418 essentia.
497 1364 623 1432 Denique
651 1379 770 1419 summae
797 1366 930 1421 essentiae
956 1365 1050 1435 pluras
1074 1380 1134 1420 essa
1160 1380 1207 1420 na·

205 1456 318 1520 queunt.
353 1452 428 1519 Ergo
456 1451 598 1521 utriusqus
627 1467 704 1508 amor
730 1468 785 1507 nna
811 1457 853 1508 ast
887 1469 948 1508 cum
975 1452 1059 1507 Patra
1083 1457 1110 1507 et
1135 1451 1207 1506 Filio

205 1552 311 1594 summa
329 1538 453 1594 essentia.
488 1537 564 1607 Ergo
581 1555 657 1595 amor
675 1539 734 1609 ipse
753 1546 795 1596 est
813 1555 918 1595 summa
935 1539 1086 1610 sapientia,
1104 1553 1208 1595 summa

206 1626 320 1695 veritas,
339 1640 472 1679 summum
490 1626 603 1694 bonum,
628 1631 657 1681 et
679 1626 808 1697 quicquid
832 1627 866 1682 de
889 1627 987 1684 summi
1009 1624 1123 1699 spiritus
1145 1625 1207 1681 snb·

206 1713 307 1768 stantia
325 1712 379 1768 diei
396 1719 494 1783 potest.

84 1963 92 1970 ,
222 1888 342 1954 Verum
366 1888 443 1973 quid
471 1892 580 1971 potest
611 1906 682 1955 esse
715 1907 775 1971 par
809 1906 932 1955 summo
966 1891 1113 1974 spiritui,
1147 1889 1208 1958 nisi

137 2012 278 2062 summus
296 1995 457 2078 spiritus?
494 1995 561 2062 Iste
583 1994 693 2078 itaque
717 1992 815 2060 amor'
829 2000 879 2060 est
902 2012 1043 2063 summus
1066 1995 1208 2078 spiritus.
1274 2047 1278 2056 ,

135 2099 283 2183 Denique
307 2101 333 2165 si
356 2100 447 2166 nulla
464 2118 612 2190 'unquam
628 2105 794 2180 creatura,
816 2099 851 2165 id
867 2104 917 2166 est
932 2101 959 2166 si
974 2101 1052 2167 nihil
1068 2118 1209 2185 unquam

136 2205 224 2270 aliud
240 2210 326 2271 esset
339 2223 435 2290 quam
453 2221 594 2270 summus
617 2204 766 2286 spiritns,
788 2202 886 2269 Pater
908 2204 1069 2285 etlilius,
1094 2204 1207 2272 nihilo·

135 2310 240 2377 minus
262 2311 386 2393 seipsos
409 2314 441 2376 et
464 2309 598 2376 invicem
624 2309 721 2374 Pater
744 2313 776 2374 et
791 2308 892 2374 Filius
918 2309 1094 2392 diligerent.
1125 2307 1209 2375 Con·

137 2414 283 2496 sequitur
304 2416 414 2498 itaque
435 2414 522 2480 hunc
545 2432 685 2479 amorem
708 2433 773 2479 non
797 2431 869 2480 esse
891 2413 979 2480 aliud
1002 2433 1097 2498 quam
1122 2413 1208 2499 quod

136 2526 186 2585 est
200 2519 298 2584 Pater
322 2525 354 2584 et
368 2520 485 2596 Filius,
509 2519 595 2602 quod
612 2521 662 2584 est
677 2537 801 2585 summa
817 2518 966 2584 essentia.
998 2523 1041 2585 At
1057 2517 1208 2603 quonian

135 2641 278 2706 summae
300 2621 459 2690 essentiae
480 2625 591 2705 plures
622 2641 694 2689 esse
723 2642 788 2688 non
818 2631 972 2706 possunt,
1000 2624 1076 2706 quid
1105 2623 1208 2704 magis

136 2730 363 2811 necessarium,
378 2748 474 2812 quam
490 2728 619 2795 Patrem
636 2734 669 2794 et
684 2728 817 2809 Filium,
842 2733 875 2792 et
890 2727 1057 2810 utriusque
1069 2745 1208 2792 amorem

136 2851 234 2898 unam
257 2852 328 2899 esse
360 2852 517 2900 summam
548 2833 745 2904 essentiam?
788 2834 849 2899 Est
878 2832 975 2915 igitur
1004 2832 1088 2898 idem
1120 2851 1209 2898 amor

135 2952 262 3001 summa
284 2937 458 3018 sapientia,
490 2957 615 3004 summa
642 2919 781 3018 seritis,
815 2956 973 3003 summum
1005 2937 1142 3016 bonum,
1176 2939 1210 3001 et

135 3037 288 3123 quicquid
312 3038 352 3103 de
375 3043 489 3107 summi
511 3042 644 3124 spiritus
667 3043 850 3108 substantia
874 3041 936 3109 dici
957 3046 1074 3125 potest.

550 3213 690 3281 CAPUT
713 3215 794 3282 LIV.

136 3350 214 3421 Quod
231 3357 306 3409 totus
323 3352 453 3427 pracedat
470 3353 600 3424 a.Pstrs,
622 3359 696 3410 totas
718 3353 841 3424 aFili03
866 3360 895 3410 at
917 3360 1011 3412 tamen
1027 3371 1082 3412 non
1100 3356 1136 3412 sit
1155 3354 1209 3412 nisi

582 3457 653 3498 nnus
670 3457 755 3498 amon.

136 3562 355 3636 Conspectus
380 3565 781 3634 capitia-Amoristanon
798 3582 832 3623 ex
847 3584 879 3624 eo
888 3566 1049 3638 proceditin
1059 3582 1113 3635 qno
1124 3565 1207 3620 Pater

207 3651 339 3732 etFilius
356 3651 449 3720 plures
468 3658 545 3720 sunt,
563 3653 611 3708 sed
630 3670 664 3709 ex
681 3670 713 3709 eo
731 3653 761 3709 in
779 3661 910 3723 quaeunt
927 3670 1018 3713 unum¹
1055 3651 1117 3708 Non
1136 3651 1208 3705 enim

207 3735 331 3808 procedit
349 3755 382 3794 ex
401 3738 592 3808 relationibus,
615 3756 685 3809 qnae
702 3742 795 3812 plures
812 3749 889 3813 sunt,
906 3759 968 3799 anm
985 3741 1039 3797 alia
1055 3739 1093 3792 sit
1110 3735 1208 3792 relatio

207 3825 311 3895 Patris,
339 3831 367 3883 et
391 3827 446 3881 alia
463 3827 561 3882 ralatio
579 3826 658 3898 Filii;
685 3828 733 3884 sed
758 3845 792 3885 ex
818 3831 879 3899 ipsa
903 3846 953 3887 sua
978 3825 1111 3894 essentia,
1137 3838 1208 3894 qaas

207 3913 390 3983 pluralitatem
417 3931 472 3971 non
498 3914 625 3971 admittit.
664 3913 746 3971 Pater
772 3922 800 3973 et
827 3917 916 3973 Filius
943 3915 1073 3973 emittunt
1099 3917 1207 3967 tantum

207 3997 326 4071 bsnum;
352 4003 392 4058 eia
412 4007 516 4073 tanen,
541 4008 573 4060 ut
595 4008 670 4060 tatus
691 4003 811 4060 aPstrs
828 4010 857 4060 et
874 4009 947 4062 totus
966 4014 984 4060 a
1000 4001 1071 4058 Filio
1088 4006 1116 4058 et
1133 4004 1207 4057 totns
