2684 4546
646 246 688 306 80

531 550 669 616 eneur
693 524 804 617 nuru.

132 687 215 759 Quod,
229 689 301 743 sieut
318 687 406 742 Filius
426 692 468 744 est
485 689 605 744 essentia
623 688 666 744 vel
693 689 835 758 sapientia
850 689 939 744 Patria
962 705 994 745 eo
1018 705 1114 758 sensu,
1139 693 1205 759 quia

131 774 216 831 habet
234 775 354 830 eamdem
371 776 514 830 essentiam
531 776 575 831 vel
593 776 753 844 sapientiam
772 792 852 845 quam
863 778 959 846 Pater5
977 777 1017 830 sie
1035 775 1108 831 idem
1120 777 1204 846 Spiri-

241 867 285 916 tus
303 863 339 917 sit
356 862 446 918 Patris
465 868 493 917 et
510 864 573 918 Filii
591 864 708 919 essentia
726 870 753 919 et
770 864 918 934 sapientia,
938 870 965 920 et
982 864 1088 920 similia.

218 1039 329 1103 Potest
351 1057 477 1121 queque
507 1039 774 1122 quemadmodum
798 1041 897 1105 Filius
928 1044 978 1105 est
1010 1041 1203 1124 substantia,

133 1140 166 1207 et
188 1142 364 1223 sapientia,
388 1148 420 1207 et
442 1143 544 1209 virtus
567 1145 674 1210 Patris
697 1163 736 1210 ee
760 1162 874 1225 sensu,
898 1146 974 1227 quia
996 1145 1095 1210 habet
1118 1147 1228 1211 eam·'

134 1248 205 1313 dem
229 1248 418 1327 essentiam,
443 1253 476 1312 et
498 1249 705 1330 sapientiam,
730 1255 762 1314 et
784 1249 949 1329 virtutem,
973 1266 1070 1330 quam
1084 1250 1204 1330 Pater3

132 1350 179 1416 ita
201 1330 370 1434 utriusque
387 1353 525 1435 Spiritus
541 1354 673 1436 intelligi
697 1355 856 1434 essentia,
879 1355 931 1419 vel
955 1355 1129 1436 sapientia,
1153 1355 1204 1420 vel

79 1453 81 1456 ’
133 1457 235 1555 virtus
258 1457 364 1522 Patris
387 1464 420 1522 et
441 1457 530 1537 Filii,
555 1458 630 1539 quia
653 1456 750 1522 habet
772 1458 900 1523 omnine
924 1459 1085 1539 eamdem,
1106 1477 1203 1541 ,quam

133 1561 255 1627 habent
277 1561 333 1625 illi.

542 1804 681 1872 CAPUT
704 1805 787 1871 LIX.

133 1943 212 2011 Quod
224 1942 322 2012 Pater,
341 1947 368 1997 et
380 1941 481 2012 Filius,
499 1948 526 1997 et
540 1957 633 1998 eorum
646 1942 776 2012 Spiritus,
794 1943 897 2012 pariter
913 1944 969 1999 sint
987 1945 1016 2000 in
1033 1960 1064 2001 se
1081 1943 1206 2019 inrieemss

134 2065 354 2134 Conspectus
373 2065 512 2132 capitis.
531 2094 565 2105 —
583 2065 620 2119 Hi
638 2071 694 2120 tres
707 2065 943 2122 suntunaeadem
960 2082 1064 2122 summa
1080 2067 1205 2135 essentia

205 2169 274 2222 quae
291 2168 341 2208 nea
364 2152 422 2206 sine
447 2167 489 2221 se,
517 2169 568 2208 nee
586 2159 673 2213 ,extra
698 2168 742 2222 se,
768 2170 819 2209 nec
845 2155 931 2224 major
949 2154 992 2211 vel
1009 2156 1099 2209 minen
1116 2154 1207 2224 seipsa

203 2255 261 2295 esse
279 2245 378 2308 petest.
415 2240 488 2309 Ergo
512 2239 541 2294 hi
566 2247 621 2296 tres
648 2246 712 2296 sunt
738 2241 767 2296 in
794 2238 823 2297 s'e
851 2243 982 2312 invicem,¹
1009 2244 1049 2298 ita
1066 2250 1097 2298 ut
1114 2243 1206 2297 nullus

203 2329 287 2384 alium
305 2328 425 2397 excedat.
461 2328 566 2384 Deinde
591 2331 720 2386 memoria
745 2346 864 2387 summae
889 2331 1023 2385 essentiae
1041 2335 1099 2385 tota
1120 2329 1209 2384 estin

205 2416 263 2484 ejus
283 2415 463 2485 intelligentia
481 2422 508 2471 et
532 2424 636 2487 amere,
663 2424 690 2473 et
713 2419 893 2488 intelligentia
909 2419 938 2472 in
956 2420 1015 2488 ejus
1032 2419 1163 2472 memoria
1181 2421 1209 2471 et

203 2518 311 2575 amere,
336 2509 365 2560 et
386 2520 461 2560 amor
484 2507 513 2560 in
530 2506 662 2561 memoria
681 2512 708 2560 et
726 2505 909 2574 intelligentia
932 2500 998 2575 ejus.
1033 2504 1109 2572 Ergo
1133 2510 1208 2559 tetus

204 2592 295 2661 Pater,
314 2593 361 2660 qui
380 2598 422 2648 est
438 2593 579 2662 memoria,
599 2599 641 2649 est
652 2593 682 2648 in
690 2593 774 2662 Filio,
794 2595 840 2662 qui
860 2599 901 2649 est
919 2592 1116 2660 intelligentia,
1134 2593 1209 2647 etin

205 2680 323 2751 Spiritu,
349 2683 397 2749 qui
423 2688 572 2738 esttamen:
598 2687 626 2736 et
643 2687 717 2737 tetus
736 2682 825 2736 Filius
846 2688 887 2736 est
904 2681 932 2735 in
950 2680 1032 2735 Patre
1050 2685 1079 2734 et
1097 2679 1208 2748 Spiritu,
1269 2729 1274 2741 ,

204 2774 232 2823 et
248 2774 322 2823 tetus
340 2767 458 2838 Spiritus
475 2768 505 2823 in
523 2768 606 2823 Patre
625 2774 653 2823 et
671 2769 757 2823 Filio:
780 2775 807 2823 et
827 2783 899 2824 unus
917 2768 1025 2822 illorum
1042 2783 1098 2822 nen
1116 2771 1209 2836 petest

206 2871 265 2911 esse
283 2856 341 2910 sine
359 2853 427 2909 aliis.
497 2894 502 2913 .

221 3031 404 3098 durandum
428 3036 478 3098 est
498 3031 617 3096 intueri
640 3031 673 3095 in
700 3031 797 3097 Patre
822 3036 855 3096 et
880 3031 960 3097 Filio
984 3037 1017 3097 et
1039 3030 1208 3110 utriusque

135 3137 272 3219 Spiritu,
295 3141 452 3221 quomode
476 3137 541 3202 sint
562 3137 596 3200 in
613 3154 647 3201 se
666 3138 804 3203 invicem
820 3141 912 3203 tanta
934 3135 1142 3218 aequalitate,
1171 3137 1207 3197 ut

135 3243 242 3308 nullus
266 3243 363 3306 alium
387 3241 529 3307 excedat.
575 3240 709 3305 Praeter
731 3240 792 3307 hoc
807 3243 911 3321 enim,
934 3244 1009 3324 quia
1031 3237 1207 3320 unusquis

66 3388 70 3411 .
135 3364 197 3428 que
220 3365 329 3412 eorum
352 3346 401 3413 sie
429 3351 479 3410 est
508 3343 652 3426 periente
683 3362 808 3410 summa
842 3347 999 3425 essentia,
1031 3347 1067 3409 ut
1097 3348 1205 3407 tamen

135 3468 245 3517 omnes
278 3454 345 3516 tres
377 3451 471 3515 simul
505 3469 568 3515 nen
605 3451 671 3516 sint
703 3451 765 3516 nisi
799 3452 940 3517 essentia
974 3469 1039 3516 una
1073 3462 1206 3525 summa,

135 3575 217 3638 quae
246 3575 305 3622 nee
335 3557 405 3621 sine
438 3574 473 3621 se
503 3557 554 3622 vel
585 3561 676 3621 extra
711 3575 765 3636 se,
800 3575 859 3622 nec
888 3558 991 3638 maj0r
1019 3554 1069 3620 vel
1103 3551 1207 3616 minor

135 3663 242 3743 seipsa
266 3680 336 3727 esse
360 3665 483 3743 petest:
507 3681 565 3743 per
582 3661 725 3744 singulus
741 3667 849 3727 tamen
865 3662 1003 3741 idipsum
1020 3675 1084 3722 nun
1100 3656 1206 3720 minus

134 3769 222 3832 valet
242 3767 381 3848 probari.
426 3767 485 3833 Est
518 3766 636 3831 etenim
668 3771 754 3831 tetus
778 3767 875 3831 Pater
902 3765 935 3828 in
964 3761 1044 3827 Filio
1069 3764 1102 3826 et
1124 3774 1206 3826 eem-

135 3873 225 3938 muni
248 3872 387 3954 spiritu,
420 3874 453 3935 et
474 3869 574 3935 Filius
598 3871 630 3935 in
654 3871 766 3950 Patre,
799 3874 831 3933 et
854 3866 965 3933 eedem
1000 3865 1143 3947 Spiritu3
1174 3866 1207 3928 et

134 3978 219 4044 idem
243 3979 382 4059 Spiritus
405 3977 438 4041 in
461 3976 559 4041 Patre
592 3982 624 4042 et
653 3975 750 4053 Fili03
782 3972 858 4055 q'uia
887 3971 1040 4036 memoria
1063 3980 1206 4035 summae
