2684 4546
679 266 720 328 79

162 451 222 514 per
244 451 280 497 se
303 433 409 498 omnia
439 414 534 512 iecit,
568 449 701 498 necesse
724 437 791 511 est,
822 439 860 500 ut
883 435 1148 516 quemadmodum
1173 435 1237 501 sin·

163 537 259 618 gulus
280 537 399 616 Pater,
433 543 466 602 et
488 536 635 618 singulus
658 537 759 602 Filius
783 542 833 603 est
854 540 1018 604 increatus
1041 542 1074 602 et
1097 542 1238 617 creator3

162 643 209 707 ita
233 649 267 707 et
287 660 376 707 amor
400 641 546 720 singulus
569 641 611 707 sit
632 641 798 706 increatus
829 650 862 707 et
893 644 1036 721 creator,
1066 648 1098 706 et
1129 646 1238 706 tamen

163 764 275 812 omues
303 751 371 812 tres
403 745 515 824 simul,
550 763 614 810 non
648 745 776 826 plures,
810 745 980 811 sedunus
1010 745 1175 810 increatus
1205 746 1239 808 et

163 868 248 915 unus
278 856 411 916 creator.
463 850 593 918 Patrem
629 850 737 933 itaque
782 850 888 916 nullus
928 849 1005 915 iacit
1036 850 1104 915 sive
1139 856 1237 928 creat,

164 959 221 1019 aut
244 954 362 1035 giguit3
386 953 501 1017 Filium
518 972 595 1018 vero
612 953 709 1018 Pater
725 953 812 1018 solus
834 952 953 1034 gignit,
977 953 1120 1018 sednon
1144 951 1238 1019 iacit:

163 1056 260 1124 Pater
289 1061 398 1121 autem
429 1055 553 1136 pariter
584 1060 617 1121 et
638 1055 741 1120 Filius
772 1074 836 1120 non
866 1053 1005 1137 iaciunt,
1037 1074 1141 1138 neque
1170 1057 1238 1137 gig-

163 1166 263 1238 nunt;
293 1161 351 1226 sed
374 1159 627 1242 quodammodo,
651 1161 679 1223 si
701 1161 747 1224 sic
763 1158 826 1224 dici
847 1164 973 1241 potest,
997 1161 1123 1242 spirant
1145 1178 1239 1227 suum

164 1281 326 1333 amarem:
357 1265 502 1347 quamvis
534 1265 618 1329 enim
652 1282 716 1328 non
740 1269 850 1328 nostro
874 1264 968 1330 modu
992 1266 1094 1345 spiret
1116 1284 1239 1332 summe

165 1369 438 1460 incommutabilis
467 1369 627 1448 essentia,
662 1373 769 1434 tamen
802 1367 907 1447 ipsum
941 1385 1034 1432 suum
1058 1386 1240 1435 amorema

164 1490 200 1538 se
222 1471 429 1539 ineffabiliter
450 1474 696 1555 procedentem,
720 1491 783 1538 non
806 1472 999 1539 discedendo
1023 1473 1063 1538 ab
1085 1473 1158 1553 illa,
1181 1473 1239 1539 sed

165 1577 331 1643 existendo
355 1597 394 1642 ex
416 1578 489 1657 illa,
521 1576 656 1645 forsitan
690 1596 754 1642 nou
778 1576 840 1642 alin
863 1576 957 1642 modu
990 1577 1118 1642 videtur
1144 1594 1239 1659 possa

165 1680 227 1745 dini
250 1682 358 1762 aptius
381 1701 420 1746 en
443 1700 478 1747 se
503 1683 650 1747 emittere
673 1700 768 1764 quam
801 1682 964 1763 spirando.
1010 1681 1101 1761 Quod
1126 1682 1153 1747 si
1177 1681 1239 1748 dici

164 1789 290 1866 petest,
320 1785 405 1850 sicut
426 1785 566 1852 Verbum
599 1803 743 1852 summae
774 1787 935 1850 essentiae
957 1785 1130 1858 Filiusest
1153 1788 1238 1868 ejus3
1308 1813 1313 1825 ‚

163 1889 211 1953 ita
245 1888 387 1970 ejusdem
427 1880 515 1966 amor
557 1890 637 1956 satis
675 1890 905 1956 convenienter
941 1890 1097 1972 appellari
1133 1897 1240 1972 potest

164 1993 298 2079 spiritus
321 1995 408 2076 ejus:
432 2000 468 2058 ut
491 2013 561 2060 cum
586 1994 803 2060 essentialiter
825 1994 895 2076 ipse
918 1994 960 2058 sit
983 1993 1133 2076 spiritus,
1157 1995 1240 2061 sieut

164 2096 262 2163 Pater
285 2102 318 2162 et
340 2098 458 2177 lilius,
489 2098 624 2164 illinon
648 2104 803 2180 putentur
825 2098 962 2182 alicujus
984 2099 1133 2179 spirltum
1164 2101 1240 2182 quia

166 2219 225 2267 nec
255 2201 353 2266 Pater
388 2203 428 2268 ab
462 2203 525 2268 ullo
562 2203 624 2268 alin
659 2208 723 2285 est,
758 2222 817 2268 nec
848 2203 950 2269 Filius
974 2202 1113 2269 aPatre
1146 2205 1239 2286 quasi

165 2306 310 2386 spirante
333 2307 494 2383 nascitur3
524 2306 585 2373 iste
615 2312 723 2372 autem
748 2307 936 2379 aestimetur
958 2307 1098 2389 Spiritus
1121 2309 1239 2373 utrius-

164 2427 246 2493 que;
281 2411 357 2492 quia
379 2410 420 2476 ab
444 2415 598 2494 utroque,
632 2429 691 2476 sun
722 2414 860 2496 quadam
892 2412 1101 2497 inenarrabili
1136 2414 1239 2497 modo,

165 2514 311 2594 spirante
333 2515 524 2581 mirabiliter
545 2517 699 2598 precedit.
746 2517 809 2596 Qui
832 2517 928 2582 etiam
953 2536 992 2582 ex
1016 2537 1069 2600 eo,
1092 2520 1168 2601 quia
1190 2523 1240 2584 est

165 2619 345 2684 communio
382 2620 488 2686 Patris
522 2625 555 2686 et
591 2621 681 2700 Filii,
719 2639 785 2685 non
825 2622 947 2703 absque
985 2623 1110 2687 ratione
1148 2622 1241 2702 quasi

96 2762 103 2775 ·
164 2722 331 2803 proprium
353 2741 516 2790 assumere
538 2743 635 2806 posse
664 2725 793 2790 videtur
827 2723 955 2807 aliquod
985 2742 1120 2805 nomen,
1154 2724 1271 2806 quod‘

121 2841 139 2860 “
164 2823 254 2890 Patri
285 2827 430 2910 Filioque
464 2848 630 2895 commune
665 2831 726 2910 sit;
762 2830 790 2895 si
821 2828 942 2911 proprii
975 2828 1111 2894 nominis
1142 2827 1241 2908 exigit

164 2928 353 3007 indigentia.
400 2933 492 3012 Quod
515 2935 643 3018 quidem
674 2937 700 2999 si
729 2935 800 3015 fiat,
831 2934 968 3014 scilicet,
1000 2939 1037 2998 ut
1058 2935 1128 3013 ipse
1152 2951 1240 2997 amor

166 3031 295 3096 nomine
330 3033 486 3116 Spiritus,
529 3038 614 3120 quud
659 3039 873 3104 substantiam
907 3037 1028 3119 pariter
1063 3036 1170 3101 Patris
1208 3041 1241 3102 et

164 3134 239 3200 Filii
262 3135 440 3220 significat,
469 3138 562 3224 qnasi
585 3143 716 3224 proprio
739 3144 940 3224 designetur:
969 3141 1011 3207 ad
1032 3142 1240 3224 hocquaqne

165 3256 231 3303 non
252 3240 412 3308 inutiliter
441 3245 577 3326 valebit,
611 3253 648 3312 ut
677 3265 736 3329 per
766 3249 826 3314 hoc
857 3248 997 3330 idipsum
1030 3263 1119 3325 esse,
1154 3243 1240 3328 quod

165 3348 216 3408 est
237 3343 335 3412 Pater
359 3353 392 3413 et
415 3348 533 3430 Filius,
563 3352 708 3434 quamvis
737 3353 778 3419 ab
810 3352 875 3417 illis
905 3369 976 3418 esse
998 3368 1091 3417 suum
1113 3348 1241 3427 babeat,

164 3447 341 3516 intimetur.
