2684 4546
653 267 691 329 21

189 535 269 604 Quod
287 541 378 592 umen
395 535 483 594 multa
500 538 536 594 sit
552 432 847 596 ffiffloue
864 541 935 598 labri
953 541 1151 600 dissimilitrdo.

133 642 358 711 conspectus
385 642 527 712 capitis
556 672 587 686 -
614 643 718 700 Summi
743 645 910 704 Artificisct
927 647 999 704 labri
1018 647 1210 705 dissimilitudo

207 735 266 785 est:
293 734 315 783 l.
342 730 372 784 in
399 745 431 786 eo
449 730 522 800 quod
540 746 660 789 summus
677 731 789 788 Artifex
806 733 921 790 formam
939 746 993 791 non
1011 733 1121 791 cliiindc
1138 750 1210 790 com·

209 817 323 887 pingat·;
341 820 365 872 2.
384 817 413 872 in
430 820 463 874 eo
480 817 553 887 quod
569 819 819 881 summnsArtiiex
835 820 938 876 nullam
955 821 1047 892 exigat
1064 821 1213 893 motem,

206 917 241 959 ex
259 918 314 972 qua
330 911 557 974 praeconceptum
574 921 643 975 opus
660 904 801 976 perficiat;
829 911 853 962 3.
880 907 909 962 in
932 922 964 964 eo
981 907 1054 977 quod
1071 908 1211 965 uettmcis

206 989 373 1046 substantiae
391 1004 475 1061 opera
493 980 548 1066 ιιοιι
571 999 637 1047 sunt
660 992 780 1062 aliquid,
806 993 858 1049 nisi
876 994 948 1064 quod
967 1000 1033 1050 sunt
1048 1009 1100 1066 pcr
1118 995 1208 1051 illum:

206 1092 276 1146 quae
292 1093 357 1134 vero
375 1093 392 1132 a
409 1077 486 1133 fabro
509 1077 593 1148 flunt,
611 1080 721 1149 penitus
738 1094 793 1134 uon
811 1087 909 1152 essent,
927 1081 980 1137 nisi
998 1088 1090 1139 essem
1107 1083 1210 1153 aliquid

207 1164 671 1236 ιιιιιιιίιιοιιιιιιιιιιοιίιιιιιιιι.ἵ

225 1273 290 1340 Sed
311 1273 460 1355 quamvis
483 1290 638 1338 summam
669 1272 884 1338 substantiam
914 1280 1040 1342 constet
1062 1277 1153 1358 prius
1175 1279 1210 1345 in

134 1395 172 1442 se
196 1377 289 1460 quasi
312 1377 430 1444 dixisse
446 1382 593 1445 cunctam
609 1381 807 1456 creaturam,
830 1395 927 1459 quam
943 1397 1015 1444 eam
1031 1381 1209 1449 secundum

134 1482 299 1562 eamdem,
331 1486 364 1547 et
384 1500 444 1564 per
466 1482 612 1549 eamdem
636 1499 728 1548 suom
750 1481 895 1548 intimam
919 1481 1113 1550 locutionem
1136 1503 1211 1552 con·

134 1588 248 1671 deret;
279 1587 546 1670 quemadmodum
580 1586 673 1654 faber
705 1588 796 1669 prius
818 1592 926 1653 mente
949 1588 1101 1672 concipit,
1125 1589 1211 1673 quod

133 1684 251 1775 postea
289 1693 465 1759 secundum
502 1693 619 1759 mentis
657 1693 897 1776 conceptionem
936 1713 1034 1776 opere
1076 1693 1209 1778 perficit

133 1798 273 1864 Multam
289 1797 423 1864 tamen
414 1817 447 1863 ιιι
464 1798 525 1866 hac
540 1797 749 1873 similitudine
764 1799 893 1864 intueor
909 1798 1210 1868 dissimilitudinem.

133 1902 198 1970 Illa
220 1919 359 2001 namque
382 1900 460 1967 nihil
492 1901 621 1967 omnino
652 1900 783 1968 aliunde
818 1896 1008 1984 assumpsit,
1041 1904 1129 1970 unde
1159 1903 1211 1970 vel

135 2027 247 2094 eornm
271 2025 353 2091 quae
375 2006 502 2074 factura
525 1998 612 2088 e'rat,
637 2004 797 2073 formam
787 2025 821 2072 ιιι
837 2024 873 2073 se
887 2007 960 2089 ipss
982 2008 1211 2090 compingeret,

135 2114 189 2180 vel
214 2130 254 2178 ea
275 2114 366 2195 ipsa,
388 2112 421 2178 id
439 2112 633 2196 quodsum,
656 2110 840 2194 perliceret3
863 2110 958 2178 faber
979 2131 1057 2180 vero
1078 2113 1210 2195 penitus

136 2237 197 2285 nec
220 2223 328 2298 ruente
344 2224 452 2302 potest
467 2217 588 2301 aliquid
605 2213 793 2297 corporeum
809 2216 978 2297 concipere
993 2215 1209 2298 imaginando,

135 2323 199 2389 nisi
221 2324 255 2389 id
278 2324 363 2406 quod
387 2329 444 2389 aut
466 2327 567 2387 totum
591 2318 704 2399 simul,
728 2322 785 2383 ant
806 2337 866 2400 per
886 2321 1011 2399 partes,
1035 2336 1075 2384 ax
1096 2319 1210 2403 aliqui-

134 2429 197 2494 bus
219 2429 316 2495 rebus
340 2427 447 2510 aliquo
470 2426 596 2492 modo
583 2443 652 2508 Jarn
668 2423 795 2505 didicit;
818 2440 878 2488 nec
901 2440 982 2505 opus
1004 2428 1113 2492 mente
1135 2443 1210 2492 con-

135 2538 265 2614 ceptum
286 2528 459 2615 perlicere,
483 2532 510 2596 si
533 2531 618 2598 desit
639 2534 698 2595 aut
719 2528 871 2608 materia,
900 2533 958 2595 aut
979 2528 1116 2613 aliquid,
1139 2530 1210 2598 sinc

81 2712 88 2717 ‚
135 2655 200 2721 quo
223 2655 304 2721 opus
325 2637 580 2721 praecogitatum
603 2633 673 2700 fieri
689 2651 754 2699 non
769 2631 893 2714 possit.
917 2649 1100 2715 quanquam
1123 2635 1209 2700 enim

133 2743 230 2808 homo
252 2743 318 2807 tale
340 2741 470 2824 aliquod
493 2739 612 2813 animal
640 2737 745 2820 possit
767 2734 937 2816 cogitando
961 2734 1014 2801 vel
1035 2736 1209 2819 pingendo,

133 2845 235 2930 quale
257 2863 415 2930 nusquam
451 2847 509 2926 sit,
542 2841 741 2926 confingere;
775 2857 979 2923 nequaquam
1010 2845 1119 2910 umen
1149 2842 1211 2943 doc

132 2948 246 3016 iacere
272 2949 381 3029 ualet,
416 2949 477 3014 nisi
512 2947 732 3031 componendo
762 2946 796 3011 in
829 2962 867 3010 eo
897 2949 1037 3029 partes,
1060 2964 1141 3031 quas
1170 2965 1210 3014 ex

132 3035 235 3119 rebus
258 3034 338 3117 alias
361 3052 496 3131 cognitis
517 3054 551 3118 in
574 3051 760 3118 memoriam
776 3047 918 3138 attraxit.
964 3049 1071 3127 Quare
1092 3050 1127 3114 in
1149 3050 1211 3117 hoc

135 3154 292 3224 differunt
314 3157 354 3221 ab
378 3157 515 3223 invicem
542 3159 617 3239 illae
648 3157 683 3220 in
714 3155 868 3221 creatrice
890 3153 1089 3235 substantia,
1119 3154 1209 3220 etin

135 3259 230 3328 fabro
262 3278 392 3326 suorum
426 3279 559 3343 opernm
596 3259 828 3341 faciendorum
854 3259 986 3324 intimae
1019 3258 1208 3338 locutiones,
1280 3348 1282 3352 ι

136 3367 222 3450 qaod
244 3365 301 3449 illa
323 3385 383 3433 neo
406 3370 589 3449 assumpta,
622 3385 682 3432 nec
705 3365 818 3448 adjuta
840 3364 989 3442 aliunde,
1012 3363 1070 3429 sed
1092 3363 1208 3446 prims,

137 3476 170 3538 et
192 3473 260 3537 sola
282 3489 380 3537 causa
401 3469 549 3539 sufficere
578 3471 685 3554 potuit
714 3487 771 3535 suo
803 3465 916 3534 artifici
947 3466 990 3532 ad
1012 3484 1105 3532 sunm
1127 3484 1209 3550 opus

107 3564 111 3569 ’
137 3573 384 3660 perficiendum:
413 3577 477 3641 ista
498 3596 575 3643 vero
598 3595 658 3641 nec
680 3574 802 3658 prima,
836 3591 896 3639 nec
924 3572 1010 3654 sola,
1038 3561 1098 3640 nec
1120 3569 1209 3638 suifi-

139 3681 226 3748 ciens
249 3686 299 3747 est
322 3681 363 3747 ad
379 3699 471 3755 snum
487 3680 716 3764 incipiendum.
747 3679 950 3759 Quapropter
972 3695 1020 3757 ea,
1045 3694 1128 3760 quae
1150 3694 1209 3759 per

138 3786 227 3852 illam
251 3792 360 3853 creata
382 3792 473 3867 sunt,
506 3785 636 3851 omnino
667 3803 732 3853 non
757 3788 834 3848 sunt
857 3782 995 3866 aliquid,
1026 3783 1121 3865 quod
1143 3800 1208 3848 non

138 3895 215 3957 sunt
236 3909 295 3972 per
317 3893 413 3958 illam.
459 3892 550 3970 Quae
573 3909 648 3956 vero
672 3908 731 3971 per
753 3891 847 3956 istum
869 3887 968 3967 fiunt,
989 3888 1120 3971 penitus
1143 3906 1208 3954 non
1316 3981 1325 3996 ·

138 4001 263 4076 essem,
286 3997 349 4062 nisi
371 4001 482 4064 essent
503 3997 640 4079 aliquid,
664 3997 750 4078 quod
773 4013 837 4062 non
860 3999 937 4060 sunt
957 4012 1018 4080 per
1038 3994 1152 4080 ipsam.
