2684 4546
500 560 639 628 curus
663 558 838 661 ιιιιιιιι.

268 699 348 767 Quod
365 705 421 755 tres
439 713 544 755 summa
561 699 680 754 essentia
698 696 893 767 quodamnodo
911 697 965 753 dioi
983 696 1075 768 possit.

133 818 353 887 conspectus
370 816 510 885 eapitis.
528 815 652 870 -Omni
664 815 767 871 homini
780 814 899 886 expedit,
912 821 943 872 nt
956 816 1049 872 eredat
1062 818 1091 872 in
1103 819 1204 875 trinum

203 906 347 974 unitatem,
366 910 394 959 et
411 919 494 957 unam
506 903 681 972 Trinitatem
700 917 782 958 unam
793 908 906 972 propter
927 905 1088 975 essentiam
1105 907 1206 962 trinam

203 998 316 1062 propter
334 998 390 1047 tres
408 991 499 1046 neseio
518 991 592 1059 quid.
628 991 689 1045 Diei
708 991 781 1045 enim
798 1006 853 1045 non
872 996 970 1062 potest,
989 991 1055 1060 quid
1073 994 1129 1048 sint
1145 1000 1203 1050 tres

203 1093 347 1148 personae,
366 1093 420 1146 quo
437 1077 512 1147 ipsae
530 1078 622 1146 plures
642 1076 718 1132 fiant.
754 1078 812 1135 Nec
838 1077 911 1133 enim
936 1083 1001 1135 sunt
1023 1079 1205 1136 tot'substan-

203 1165 272 1234 tiae,
301 1170 366 1233 quot
383 1180 531 1234 personae,
560 1169 590 1218 ut
609 1165 637 1218 in
655 1163 823 1236 hominibus,
847 1166 895 1233 qui
913 1171 980 1234 quot
997 1181 1142 1238 personae,
1166 1172 1208 1224 tot

100 1266 107 1277 ’
205 1251 362 1308 individuae
380 1257 444 1307 sunt
469 1252 645 1308 substantias.
681 1253 779 1320 Itaque
806 1251 836 1306 in
862 1267 967 1307 summa
994 1254 1111 1309 essentia
1136 1255 1208 1310 sicut

204 1354 258 1393 non
285 1343 350 1393 sunt
375 1338 469 1408 plures
495 1337 679 1407 substantiae,
705 1337 745 1392 ita
771 1351 823 1392 nee
848 1335 941 1406 plures
967 1352 1107 1406 personae.
1143 1339 1207 1395 Sole

205 1441 270 1495 ergo
286 1425 436 1493 indigentia
457 1426 587 1496 nominis,
610 1441 663 1494 quo
688 1423 832 1494 pluralitas
849 1425 878 1479 in
896 1426 1014 1480 essentia
1033 1441 1088 1481 una
1106 1425 1207 1496 signiti-

205 1516 294 1583 oetur,
315 1512 414 1568 dieitur
433 1529 491 1569 esse
509 1519 565 1569 tres
583 1527 713 1582 personas
725 1513 781 1568 sive
800 1511 967 1568 substantias
984 1512 1012 1566 in
1032 1527 1088 1566 una
1104 1527 1209 1578 summa

205 1599 321 1655 essentia
342 1614 391 1654 seu
418 1603 522 1654 natura
558 1598 704 1653 Indiuidua
726 1599 842 1654 maxime
859 1598 985 1655 substant
1002 1598 1208 1654 accidentibus:

206 1685 382 1754 undemagis
398 1684 507 1755 proprie
524 1699 621 1740 nomen
634 1685 802 1740 substantiae
819 1685 987 1754 suscipiunt:
1005 1686 1087 1741 etita
1104 1700 1209 1742 summa

205 1760 337 1844 essentia,
365 1789 435 1843 quae
461 1772 545 1828 nullis
572 1771 667 1827 subest
693 1771 893 1841 accidentibus,
922 1788 976 1827 non
994 1778 1084 1840 potest
1100 1773 1210 1842 proprie

207 1861 262 1917 diui
279 1862 444 1932 substantia,
470 1861 524 1915 nisi
547 1860 701 1915 substantia
724 1865 843 1928 ponetur
859 1875 910 1927 pro
928 1860 1054 1916 essentia
1090 1860 1150 1915 Hae
1167 1875 1209 1915 ra-

207 1950 279 2005 tione
296 1947 570 2019 irreprehensibiliter
587 1946 636 2002 illa
659 1962 764 2002 summa
788 1951 816 2001 et
837 1962 892 2001 una
909 1946 1031 2001 Trinitas
1048 1945 1101 2002 dioi
1119 1952 1211 2017 potest

207 2051 262 2104 uua
280 2037 397 2092 essentia
414 2042 443 2091 et
460 2041 516 2090 tres
533 2049 678 2104 personas,
697 2034 754 2090 sire
771 2040 827 2088 tres
846 2033 1022 2090 substantiae.

224 2179 417 2294 Ecoepatet,
431 2209 517 2276 omni
532 2208 651 2276 homini
667 2208 829 2290 expedire,
855 2215 892 2273 ut
914 2207 1025 2274 eredat
1047 2209 1079 2274 iu
1104 2229 1207 2292 quan·

135 2321 212 2386 dam
235 2317 430 2385 ineffabilem
461 2315 579 2382 trinam
611 2313 786 2395 unitatem,
820 2316 852 2378 et
880 2330 977 2378 uuam
999 2315 1210 2380 Trinitatem:

136 2442 234 2490 unam
269 2423 397 2505 quidem
431 2425 463 2488 et
499 2419 673 2500 unitatem,
709 2420 843 2500 propter
880 2437 978 2485 unam
1016 2419 1210 2499 essentiam

136 2531 255 2596 trinam
288 2547 364 2595 vero
398 2531 431 2592 et
464 2526 660 2604 trinitatem,
697 2528 831 2605 propter
866 2528 932 2589 tres
980 2523 1086 2591 nescio
1122 2524 1209 2607 quid.

135 2619 227 2721 Licet
250 2633 334 2700 enim
358 2631 478 2714 possim
503 2631 610 2698 dicere
632 2629 840 2709 Trinitatem,
862 2631 996 2710 propter
1017 2629 1155 2708 Patrem,
1179 2631 1211 2694 et

136 2738 266 2818 Filium,
290 2741 323 2804 et
344 2736 513 2819 utriusque
529 2735 703 2820 Spiritum,
726 2735 781 2816 qui
804 2735 881 2800 suut
903 2738 989 2813 tres;
1013 2753 1077 2800 nou
1100 2738 1227 2801 tamen*

136 2862 266 2927 possum
289 2841 435 2925 proferre
457 2836 522 2910 uno
545 2842 691 2922 nomine,
713 2845 846 2923 propter
870 2839 947 2922 quid
964 2844 1049 2919 tres;
1072 2837 1163 2905 velut
1184 2836 1212 2902 si

137 2949 276 3014 dicerem
306 2952 439 3029 propter
470 2951 537 3012 tres
566 2963 739 3029 personas3
774 2945 857 3011 siout
843 2944 1019 3010 idicerem
1054 2943 1212 3008 unitatem

137 3055 270 3136 propter
293 3069 389 3116 unam
413 3051 572 3141 substant
550 3056 637 3116 t.1am
667 3051 739 3116 Non
758 3050 842 3116 enim
857 3053 917 3132 put
903 3049 1023 3114 tandae
1046 3050 1124 3111 sunt
1145 3050 1212 3111 tres

136 3173 312 3240 personae;
344 3155 420 3239 quia
442 3172 553 3221 omnes
575 3144 702 3237 plures
709 3174 867 3236 personae
891 3155 937 3222 sio
959 3124 1157 3220 subsistunt
1163 3167 1212 3214 se·

137 3261 274 3345 paratim
299 3259 513 3340 abinvicem,
547 3265 585 3324 ut
615 3260 663 3325 tot
692 3277 824 3326 necesse
847 3261 889 3326 sit
912 3276 983 3325 esse
1005 3254 1214 3333 substantias,

138 3370 217 3447 quot
240 3371 317 3430 sunt
345 3384 519 3447 personae:
555 3366 640 3448 quod
674 3365 708 3430 in
741 3365 897 3446 pluribus·
921 3363 1125 3442 hominibus,
1158 3358 1213 3442 qui

138 3473 218 3553 quot
238 3486 413 3551 personae,
446 3476 496 3536 tot
517 3470 701 3536 individuae
725 3473 801 3534 suut
831 3469 1055 3546 substantiae,
1082 3480 1213 3546 eognos-

140 3573 230 3640 citur.
276 3574 382 3652 Quare
404 3574 437 3638 in
462 3592 586 3641 summa
609 3574 765 3652 essentis,
796 3574 879 3639 sicut
910 3592 974 3639 non
1006 3575 1082 3638 suut
1103 3570 1213 3651 plures

138 3679 358 3757 snbstantiae3
381 3678 428 3743 ita
452 3696 511 3742 neo
532 3677 643 3758 plures
658 3671 825 3759 personae.
857 3675 892 3742 si
914 3677 985 3760 quis
1008 3677 1117 3758 itaque
1138 3672 1214 3737 inde

139 3783 217 3847 velit
239 3782 333 3848 alicui
356 3782 453 3865 loqui,
478 3779 554 3862 quid
576 3784 659 3860 tres,
684 3780 769 3844 dicet
782 3796 854 3844 esse
869 3779 1014 3857 Patrem,
1040 3776 1213 3855 etlilium,

141 3890 176 3951 et
197 3886 366 3969 utriusque
390 3885 563 3969 Spiritum,
585 3884 647 3949 nisi
669 3882 753 3948 forte
776 3882 956 3963 indigentia
978 3880 1116 3945 nominis
1139 3898 1213 3961 pro·

139 3989 211 4072 prie
227 3991 596 4058 convenientis-coactus
622 3986 756 4070 elegerit
778 3986 909 4068 aliquod
932 4004 971 4054 ex
993 3983 1056 4050 illis
1078 3983 1214 4051 nomini·
1253 4027 1257 4037 ,
