2684 4546
664 261 705 324 25

147 431 297 514 queniam
318 430 391 510 ipsa
414 428 563 512 quiequid
594 428 750 494 beni‘uel'
776 427 882 510 magni
906 433 970 509 est,
999 446 1064 495 non
1087 431 1138 494 est
1158 447 1219 512 par

146 535 234 599 aliud
265 553 359 617 quam
390 551 450 614 per
484 534 632 614 seipsam.
678 533 712 600 si
742 534 839 616 igitur
873 534 997 599 summa
1025 536 1157 597 natura·
1172 533 1218 601 sie
1295 520 1305 531 ’

144 638 254 717 potest
285 635 423 719 intelligi
453 655 517 702 non
554 655 697 716 summa,
733 644 770 704 ut
801 642 910 703 tamen
942 652 1145 719 nequaquam
1176 637 1219 702 sit

144 741 248 824 major
271 745 329 805 aut
347 741 589 842 min0r‚.quam
614 761 685 808 eum
700 741 890 825 intelligitur
913 756 1036 804 summa
1057 739 1242 805 omnium:'

125 843 350 909 rmanifestum
375 842 424 909 est
441 847 597 929 ‚quonian
621 864 781 911 summum
814 863 877 910 non
908 842 1097 925 simpliciter
1119 842 1218 923 signi·

143 948 217 1015 lieat
238 949 327 1013 illam
351 950 539 1030 essentiam,
573 970 654 1034 quae
684 951 812 1016 omnino
842 949 944 1032 major
968 952 1001 1013 et
1022 944 1134 1012 melior
1158 951 1216 1025 est,

144 1064 238 1134 quam
270 1051 421 1135 quicquid
450 1073 515 1119 nen
539 1059 589 1119 est
611 1056 695 1137 quod
717 1055 790 1136 ipsa
813 1061 872 1120 est.
918 1052 1010 1132 Quod
1033 1056 1140 1117 autern
1164 1069 1216 1117 ra·

145 1156 188 1221 tio
212 1156 305 1222 docet
327 1157 367 1221 de
391 1175 532 1236 summo,
565 1176 629 1222 nen
662 1157 857 1223 dissimiliter
886 1157 1051 1223 invenitur
1071 1156 1105 1222 in
1127 1156 1216 1231 simiz

142 1257 218 1324 liter
255 1260 425 1326 relativis.⁴
469 1261 537 1328 Illis
582 1263 713 1354 itaque,
765 1281 846 1345 quae
882 1261 1017 1327 relative
1055 1262 1216 1343 dicuntur,

143 1364 284 1444 emisam,
315 1366 390 1448 quia.
420 1366 543 1435 nullum
576 1355 684 1434 eorum
717 1367 904 1449 simpliciter
937 1366 1136 1431 demonstrat
1157 1364 1215 1429 ali-

143 1469 235 1550 cujus
260 1471 449 1550 essentiam,
475 1471 516 1536 ad
532 1471 597 1537 alia
613 1473 814 1539 discutienda
829 1490 871 1538 se
881 1474 1048 1537 convertat
1068 1468 1215 1534 intentio.

143 1573 185 1638 Et
209 1574 346 1656 quidem·
361 1575 386 1640 si
412 1576 483 1658 quis
507 1577 634 1659 singula
657 1578 828 1658 diligenter
849 1578 1030 1654 intueatur,
1063 1570 1213 1655 quiequid

142 1682 192 1745 est
214 1684 345 1759 praeter
367 1680 520 1760 relativa,
544 1687 601 1746 aut
622 1683 687 1748 tale
711 1687 777 1763 est,
809 1687 846 1747 ut
868 1682 972 1762 ipsum
997 1679 1125 1746 omnino
1148 1694 1213 1742 me·

141 1783 204 1848 lius
227 1784 286 1864 sit,
322 1803 416 1868 quam
454 1787 655 1868 non-ipsum3
692 1793 747 1853 aut
780 1786 863 1866 tale,
896 1790 933 1850 ut
963 1784 1147 1866 non-ipsum
1178 1781 1212 1846 in

142 1886 248 1970 aliquo
273 1889 385 1954 melius
414 1891 473 1971 sit,
506 1911 602 1976 quam
631 1888 746 1975 ipsum.
791 1893 901 1975 Ipsum
931 1896 1039 1956 autern
1070 1892 1103 1954 et
1134 1904 1213 1953 non-

140 1991 246 2072 ipsum
277 2011 341 2058 non
378 1995 465 2060 aliud
488 1996 540 2062 hic
555 1998 725 2081 intelligo,
757 2015 987 2081 quamverum
1011 2010 1213 2073 nan-verum,

143 2114 258 2178 corpus
289 2117 502 2180 non-eorpus,
537 2105 570 2165 et
604 2100 655 2166 his
689 2101 814 2166 similia.
857 2099 974 2166 Melius
1006 2098 1133 2183 quidem
1164 2100 1215 2161 est

142 2202 271 2266 omnino
295 2203 417 2288 aliquid
441 2223 534 2294 quam
560 2206 761 2286 nun-ipsum:
784 2210 839 2285 ut,
862 2186 992 2286 sepiens
1015 2221 1108 2286 quam
1133 2219 1213 2272 non·

140 2304 245 2385 ipsum
268 2308 413 2387 sapiens,
448 2308 480 2372 ld
504 2312 571 2387 est,
602 2309 714 2374 melius
737 2304 787 2374 e'st
803 2309 938 2390 sapiens
961 2325 1056 2390 quam
1079 2322 1212 2371 non-sa·

140 2409 242 2490 piens.
273 2412 426 2490 Quamvis
449 2413 532 2477 enim
553 2415 661 2495 Justus
684 2415 895 2495 non-sapiens
917 2411 1031 2483 melior
1053 2410 1211 2489 videatur,
1239 2451 1242 2458 ·

137 2532 234 2600 uuam
260 2518 616 2600 nun-justus'sapiens,
648 2536 713 2582 non
741 2524 850 2583 tamen.
879 2518 993 2584 melius
1022 2514 1212 2597 simpliciter

141 2624 189 2684 est
219 2623 431 2703 nen-sapiens
455 2643 549 2706 quam
572 2624 721 2705 sapiens:
762 2642 855 2689 omne
880 2623 964 2688 enim
987 2618 1209 2701 non-sapiens,

139 2712 326 2804 simpliaiter
349 2727 538 2811 inquantum
563 2729 795 2810 non-sapienS‚
829 2733 879 2795 est
906 2728 1012 2794 minus
1041 2741 1136 2809 quam
1159 2739 1210 2787 sa-

137 2827 246 2907 plens;
277 2831 352 2911 quia
375 2842 468 2898 omne
499 2834 708 2915 nnn-sapiens
723 2832 843 2898 melius
866 2835 967 2911 esset,
1000 2830 1037 2898 si,
1051 2830 1137 2896 esset
1158 2844 1210 2893 sa·

137 2930 240 3011 piens.
285 2933 438 3001 Similiter
468 2939 596 3003 omnino
630 2939 744 3004 melius
780 2943 829 3002 est
861 2955 973 3003 verum
1004 2954 1099 3020 quam
1128 2952 1209 2998 non-

136 3034 260 3112 ipsum‚
294 3035 328 3100 id
358 3043 424 3116 est,
460 3060 555 3123 qnam
580 3044 788 3120 non-verum3
811 3045 843 3106 et
863 3041 986 3121 justum
1010 3055 1208 3122 quamnen-

94 3140 97 3146 '
133 3137 276 3218 justum3
310 3145 342 3204 et
374 3143 452 3209 vivit
482 3164 576 3228 quam
613 3146 779 3212 non-vivit.
824 3146 940 3212 Melius
972 3149 1079 3209 autem
1103 3141 1208 3207 estin

137 3240 244 3322 aliquo
283 3247 468 3329 non-ipsum
506 3269 600 3334 quam
638 3252 759 3333 ipsum,
804 3256 842 3317 ut
879 3266 1074 3316 non-aurum
1112 3263 1208 3328 quam

98 3336 109 3351 ⁴
137 3364 259 3412 aurum.
304 3351 384 3416 Nam
414 3354 527 3420 melius
559 3343 615 3422 est‘
639 3356 757 3421 homini
792 3375 863 3423 esse
893 3371 1087 3421 non-aurum
1112 3367 1207 3433 quam

136 3449 268 3531 aurum3
300 3458 444 3537 quamvis
474 3454 609 3526 forsitan
632 3462 747 3526 melius
771 3467 858 3527 esset
881 3460 976 3526 alicui
999 3474 1112 3522 aurum
1136 3470 1208 3535 esse

128 3550 230 3636 'quam
255 3575 452 3625 non-aurum
474 3569 625 3641 assant
640 3565 781 3645 plumbo.
813 3565 896 3631 Oum-
917 3565 1001 3630 enim
1024 3567 1205 3640 utrumque,
1227 3576 1233 3584 ·

136 3661 272 3742 scilieet,
302 3664 395 3728 hamo
420 3669 452 3730 et
473 3666 636 3746 plumbum
661 3670 703 3733 sit
734 3655 945 3751 non-aurum,
967 3671 1066 3732 'tante
1090 3663 1204 3729 melius

135 3766 254 3848 aliquid
278 3773 327 3832 est
349 3768 441 3835 homo
466 3789 561 3853 quam
580 3792 716 3861 aurum,
741 3780 860 3857 quanto
884 3772 1044 3839 inferioris
1068 3775 1204 3835 naturae

135 3873 286 3945 assensi
299 3879 385 3939 esset
401 3894 531 3941 aurum:
556 3881 589 3942 et
603 3878 771 3958 plumbum
786 3885 878 3945 tante
895 3880 1064 3958 villus'est
1082 3880 1203 3960 quanta

133 3976 308 4055 preciosius
339 3985 438 4062 esset,
474 3983 501 4047 si
534 4001 648 4049 aurum
683 3990 776 4051 esset.
821 3985 917 4051 Petet
951 3990 1058 4051 autam
1092 4005 1131 4052 ex
1165 4004 1203 4055 ee
