2684 4546
653 219 801 317 ao·

137 441 202 490 non
218 428 293 489 sunt
308 439 418 489 earum
435 418 614 501 essentiae,
630 421 687 486 sed
704 439 814 486 earum
829 419 1064 489 similitudines.
1094 423 1210 489 Restat

137 528 253 609 igitur,
284 531 320 591 ut
350 530 439 591 tanto
471 525 579 590 verius
602 525 667 591 sint
690 525 723 589 in
757 526 890 608 seipsis,
922 545 1016 609 quarn
1041 527 1210 593 innostra

137 631 288 715 scientim
317 634 437 712 quanto
460 629 568 696 verius
592 637 670 696 sunt
692 631 808 696 alicubi
829 649 888 712 per
910 649 1000 698 snam
1024 632 1211 715 essentiam,

138 753 233 817 quam
256 755 315 817 per
338 753 428 800 suam
452 735 702 801 similitudinem.
734 735 812 801 Cum
837 754 913 816 ergo
937 741 969 801 et
990 736 1051 803 hoc
1073 740 1209 824 constet,

137 839 213 922 quia
235 839 336 904 omnis
360 847 468 904 creata
491 839 671 904 substantia
706 844 794 905 tanto
827 841 933 906 verius
964 841 1069 906 estin
1093 840 1211 922 Verbo,

135 942 168 1008 id
193 943 296 1008 estin
319 943 534 1022 intelligentia
556 945 726 1026 creatoris,
759 962 853 1027 quam
876 945 909 1008 in
933 946 1056 1026 seipsa3
1088 947 1209 1026 quanto

136 1047 244 1112 verius
277 1047 385 1113 existit
417 1046 554 1112 creatrix
589 1066 684 1130 quarn
716 1053 825 1115 creata
859 1052 1016 1116 essentia:
1049 1037 1208 1132 quomodo

137 1149 386 1232 comprehendat
409 1151 679 1234 humanamens,
714 1154 900 1237 cujusmodi·
922 1155 965 1220 sit
992 1153 1073 1218 illud
1102 1152 1209 1218 dicere

137 1258 171 1319 et
192 1254 247 1320 illa
271 1255 420 1338 scientia,
456 1241 537 1339 quae
572 1257 617 1323 sic
650 1257 746 1337 longe
779 1258 925 1339 superior
951 1263 989 1323 et
1021 1257 1127 1324 verior
1160 1260 1210 1321 est

137 1360 251 1425 creetis
275 1360 482 1444 substantiis3
506 1363 533 1427 si
557 1368 668 1428 nostra
690 1361 824 1427 scientia
845 1367 911 1427 tam
926 1364 1021 1443 lange
1037 1363 1210 1444 superatur

137 1463 177 1528 ab
215 1462 293 1544 illis,
333 1471 488 1549 quantum
522 1483 631 1531 earum
671 1465 844 1532 similitudo
883 1467 982 1533 distat
1018 1467 1058 1532 ab
1097 1482 1208 1531 aarum

137 1569 287 1634 essentia.
638 1581 642 1586 ’

509 1795 649 1883 parur
671 1797 833 1864 xxxrrr.

135 1932 214 2001 Quod
231 1932 361 2002 quiequid
376 1933 436 2003 ipse
454 1933 548 1989 estad
566 1940 735 2004 creaturam,
759 1934 811 1990 hoc
829 1935 866 1990 sit
884 1939 912 1989 et
930 1932 1050 1989 Verbum
1067 1931 1140 2010 ejus3
1158 1945 1209 1986 nee

443 2027 533 2078 tamen
552 2022 630 2079 ambo
648 2021 728 2077 simul
743 2021 894 2092 pluraliter.

134 2144 353 2215 Conspectus
389 2144 525 2223 capitis.
556 2116 598 2185 -'
619 2144 745 2200 Summus
774 2144 886 2213 spiritus
911 2158 962 2212 per
991 2140 1113 2197 Verbum
1140 2138 1208 2195 fecit

204 2232 301 2306 omnia.
337 2232 411 2301 Ergo
429 2237 457 2287 et
474 2232 564 2301 ipsum
582 2232 704 2288 Verbum
721 2232 788 2287 lecit
806 2227 900 2286 eadenr'
918 2230 1024 2286 omnia:
1043 2226 1117 2297 quod
1135 2227 1207 2283 enim

94 2336 96 2340 ·
203 2332 324 2372 summus
342 2317 455 2386 spiritus
472 2333 523 2387 per
541 2319 660 2373 Verbum
679 2318 751 2388 facit,
769 2334 819 2388 per
836 2333 866 2374 se
883 2318 964 2387 facit;
984 2323 1011 2372 et
1031 2314 1116 2371 Verbi
1134 2329 1206 2369 sum·

204 2406 294 2474 mique
313 2405 430 2475 Spiritus
447 2422 502 2461 una
521 2411 563 2462 est
580 2407 709 2475 essentia,
730 2421 799 2474 quae
811 2406 869 2461 sola
886 2411 928 2460 est
946 2403 1066 2460 creatrix
1084 2406 1112 2456 et
1130 2401 1205 2470 prin·

162 2516 167 2523 ·
205 2492 305 2561 oipinm
324 2493 443 2546 omnium
462 2509 532 2561 quaa
551 2499 622 2548 sunt.
660 2493 794 2562 Quicquid
813 2510 876 2562 ergo
894 2507 1015 2548 summus
1034 2491 1146 2560 spiritus
1164 2495 1206 2545 est

204 2579 239 2634 ad
257 2582 422 2649 creaturam,
448 2580 501 2636 hoe
524 2585 552 2636 et
575 2579 697 2636 Verbum
721 2581 780 2649 ejus
808 2586 862 2636 est:
890 2585 918 2635 et
940 2577 1053 2649 proinde
1071 2577 1141 2632 sicut
1158 2576 1206 2631 ille

203 2673 245 2723 est
262 2671 382 2738 mentor,
405 2667 446 2723 ita
464 2674 492 2724 et
509 2667 594 2738 istud;
624 2684 675 2724 nee
691 2675 783 2724 tamen
801 2673 866 2724 sunt
883 2668 950 2739 dnn,
977 2667 1114 2723 sedunus
1132 2678 1206 2719 crea·
1264 2732 1267 2737 Ι

202 2761 246 2812 tor
265 2762 293 2811 et
310 2771 395 2810 unum
413 2757 584 2826 principium.

221 2931 341 2998 Verum
374 2949 444 2996 cum
476 2926 646 2995 manifeste
679 2930 821 2996 rationes
855 2930 1036 3012 superiores
1060 2929 1206 3010 doceant,

119 3055 292 3103 summum
316 3036 463 3118 spiritum
486 3053 546 3118 per
560 3034 703 3102 Verbum
720 3053 812 3101 suurn
828 3033 943 3102 fecisse
966 3035 1090 3116 omnia,
1112 3052 1205 3099 num·

134 3141 211 3225 quid
234 3160 298 3206 non
323 3146 355 3206 et
377 3141 483 3221 ipsum
497 3138 640 3204 Verbum
663 3138 740 3206 fecit
756 3139 868 3205 eadem
891 3137 1023 3203 omnia?
1046 3137 1205 3217 Quoniam

134 3245 218 3310 enim
241 3244 287 3309 illi
310 3247 360 3309 est
383 3241 675 3322 consubstantiale,
701 3243 793 3324 cujus
817 3248 866 3308 est
887 3242 1049 3322 Verbum,
1073 3258 1206 3306 necesse

134 3355 200 3428 est,
225 3352 261 3412 ut
283 3347 325 3412 sit
343 3334 472 3411 ¹summa
493 3345 643 3410 essentia.
691 3344 822 3410 Summa
844 3350 952 3411 autem
976 3345 1117 3411 essentia
1139 3364 1205 3412 non
1264 3371 1266 3375 ¹

134 3456 184 3516 est
205 3451 268 3515 nisi
289 3468 371 3530 una,
403 3467 486 3532 quae
509 3449 578 3514 sola
603 3449 741 3516 creatrix
764 3455 796 3516 et
818 3451 921 3517 solum
943 3451 1132 3533 principium
1156 3454 1206 3515 est

133 3557 273 3623 omnium
298 3572 381 3639 quae
404 3554 597 3620 factasunt
642 3555 719 3636 Ipsa
749 3573 887 3639 namque
916 3557 985 3623 sola
1016 3554 1108 3635 lecit,
1139 3573 1205 3620 nnn

131 3661 301 3744 peralind
325 3678 420 3744 quarn
444 3677 579 3740 perse,
611 3644 717 3726 omnia
751 3678 790 3725 ex
821 3660 928 3726 nihilo.
973 3658 1081 3737 Quare
1106 3676 1205 3742 quae·

133 3783 259 3847 cunque
291 3781 433 3829 summus
465 3763 598 3844 spiritus
630 3762 723 3843 lacit,
755 3762 867 3830 eadem
898 3766 930 3828 et
960 3761 1101 3828 Verbum
1133 3763 1204 3845 ejus
1246 3758 1252 3768 ’

132 3867 226 3949 facit,
250 3872 283 3934 et
305 3867 461 3935 similiter.
507 3869 786 3952 Quicquid-igitur
817 3884 959 3935 summus
990 3867 1123 3949 spiritus
1154 3872 1206 3933 est

132 3974 174 4040 ad
197 3979 395 4058 creaturam,
418 3975 478 4044 hoc
500 3978 533 4043 et
547 3974 689 4048 Verbum
712 3975 783 4058 ejus
805 3976 872 4056 est,
896 3976 930 4039 et
950 3970 1105 4041 similiter.
1135 3973 1204 4040 Nee
