2684 4546
688 243 729 334 aa

142 416 145 421 '
175 418 290 482 curret
327 411 426 479 ‘Nam
455 410 483 476 si
517 409 655 490 dicitnr,
687 409 786 492 qnod„
803 427 862 491 pro
893 408 950 474 tali
983 410 1251 493 contemnisne

171 521 293 604 justius
315 519 486 607 puniatur,
515 523 552 582 nt
573 516 679 597 ipsum
702 533 790 594 esse,
821 514 873 582 vel
896 515 993 581 vitam
1017 515 1152 597 perdam
1175 515 1252 598 quia

174 642 211 690 se
233 642 296 690 non
321 621 424 703 utitur
444 621 485 686 ad
515 619 567 700 id,
598 618 639 684 nd
661 618 747 701 qnod
777 623 827 687 est
848 616 952 696 facta3
984 619 1168 687 nullatenus
1191 619 1252 686 hoc

175 729 316 797 admittit
338 727 437 805 ratio,
466 730 503 790 ut
528 730 603 807 post
625 730 748 790 tantam
776 724 903 805 culpam
925 741 983 806 pro
1000 741 1105 805 poena
1119 723 1253 804 recipiat

176 851 264 912 esse,
295 831 382 914 quod
405 835 475 895 erat
497 835 572 895 ante
595 814 882 910 omnem‘culpam.
928 829 1054 910 Quippe
1078 834 1252 911 antequam

177 944 282 1016 esset,
303 955 365 1003 neo
387 934 514 1016 culpam
537 933 674 1012 habere,
707 952 766 1000 nec
795 944 948 1015 poenam·
964 933 1086 998 sentire
1104 937 1253 1014 poterat.

177 1042 211 1108 Si
235 1059 311 1120 ergo
344 1040 451 1104 anima
474 1045 683 1104 contemnens
706 1038 759 1117 id,
794 1039 836 1103 ad
869 1039 955 1120 quod
987 1037 1075 1113 lacta
1105 1043 1172 1119 est,
1207 1038 1281 1104 sio'

176 1146 330 1225 moritur,
354 1149 391 1209 ut
413 1143 493 1208 nihil
515 1143 653 1222 sentiat,
677 1148 735 1208 aut
758 1148 794 1208 ut
816 1143 946 1222 omnino
970 1142 1050 1207 nihil
1075 1126 1145 1221 sit3'
1164 1142 1252 1208 simi·
1313 1179 1315 1185 s

176 1250 251 1316 liter
274 1267 309 1316 se
332 1249 479 1329 habebit,
503 1248 584 1313 etin
601 1247 866 1329 marimanam,
890 1253 923 1312 et
945 1247 1014 1313 sine
1037 1247 1123 1313 omni
1137 1247 1252 1329 culpa;

176 1374 237 1422 nec
249 1355 413 1421 discernet
429 1371 552 1420 summe
568 1353 698 1434 sapiens
718 1353 846 1435 justitia
860 1352 946 1417 inter
960 1352 1003 1433 id,
1019 1352 1105 1435 quod
1128 1351 1253 1421 nullutn

175 1461 295 1528 bonum
316 1464 439 1540 potest,
463 1463 495 1524 et
517 1457 639 1522 nullum
663 1448 780 1524 maloin
803 1458 888 1537 vult;
912 1463 944 1523 et
966 1458 1018 1540 id,
1041 1457 1127 1541 qood
1150 1449 1251 1524 mani·

178 1585 264 1632 mum
289 1565 409 1629 bonum
438 1566 564 1644 potest,
596 1567 630 1629 et
657 1561 829 1628 maximnm
853 1562 973 1641 malum
1007 1561 1086 1629 vult.
1116 1562 1173 1652 ‚At
1194 1560 1256 1628 hoe

179 1670 257 1737 satis
289 1672 400 1749 patet,
431 1685 527 1749 quam
550 1662 780 1734 inconveniens
803 1669 854 1734 sit
899 1667 986 1738 Nihil
1001 1667 1119 1748 ‚igitur
1153 1665 1255 1731 videri

178 1778 289 1856 potest
311 1758 577 1854 consequentius,
612 1777 644 1837 et
668 1773 747 1837 nihil
771 1773 858 1839 credi
882 1772 978 1838 debet
1000 1771 1134 1852 certius,
1158 1788 1254 1853 quam

177 1876 315 1944 hominis
337 1878 475 1943 animam
499 1878 546 1945 sic
568 1895 639 1944 esse
662 1877 797 1960 factam,
828 1884 864 1943 ut
887 1879 914 1944 si
939 1883 1123 1944 contemnat
1145 1894 1256 1942 amare

88 1995 93 2010 ’
179 2000 335 2051 summam
359 1983 548 2063 essentiam,
572 1991 738 2049 aeternam
753 1984 898 2065 patiatur
913 1983 1092 2048 miseriam:
1115 1988 1152 2047 ut
1173 1983 1256 2048 sieut

176 2104 292 2154 amans
315 2092 446 2152 aeterno
464 2087 618 2168 gaudebit
634 2088 794 2179 praemio,
818 2089 864 2153 ita
887 2094 1095 2153 contemnens
1119 2092 1254 2153 aeterna

178 2209 285 2273 poena
308 2189 433 2257 doleat:
457 2196 490 2256 et
511 2191 596 2259 sicut
618 2190 674 2256 illa
696 2192 815 2256 sentiet
836 2191 1066 2257 immutabilem
1090 2188 1252 2256 sufficien-

102 2309 108 2325 '
181 2296 278 2376 tiam,
302 2296 348 2362 ita
369 2295 433 2362 ista
455 2296 575 2362 sentiat
594 2296 860 2364 inconsolabilem
875 2297 1095 2378 indigentiam.
1158 2339 1170 2359 a

575 2486 714 2556 CAPUT
737 2487 866 2554 LXXII.

181 2624 261 2694 Quod
285 2624 372 2680 omnis
395 2625 485 2680 anima
513 2624 631 2681 humana
656 2628 692 2682 sit
716 2626 884 2682 immortalis.
919 2624 958 2682 Et
980 2625 1053 2696 quod
1074 2633 1122 2682 aut
1135 2640 1255 2715 ¹sentinat

319 2773 320 2777 ,
429 2714 541 2784 misera,
559 2720 607 2769 aut
625 2714 773 2783 aliquando
792 2730 855 2770 vere
873 2715 952 2770 beata
970 2716 1013 2770 sit.

182 2835 401 2902 conspectus
425 2833 565 2902 eapitis.
594 2863 623 2872 -·
650 2832 753 2889 Verum
771 2847 821 2887 nec
839 2820 949 2887 aeterne
967 2833 1059 2902 beata,
1076 2849 1127 2890 nec
1143 2840 1254 2893 aeterna

251 2921 352 2977 misera
376 2928 447 2978 esset
473 2922 575 2991 anima,
603 2921 626 2975 sl
653 2928 725 2977 esset
750 2920 879 2976 mortalis.
915 2921 991 2992 Ergo
1016 2921 1174 2977 immortalis
1203 2928 1252 2979 est.

252 3008 351 3066 Omnes
369 3016 459 3066 autem
477 3011 584 3066 animae
601 3015 666 3064 sunt
692 3009 813 3080 ejusdem
840 3016 971 3066 naturae:
997 3022 1061 3081 ergo
1080 3020 1171 3066 omnes
1189 3016 1255 3066 sunt

251 3098 428 3167 immortales,
452 3115 513 3153 oum
534 3098 631 3165 saltem
648 3097 755 3167 aliquae
781 3095 948 3154 immortales
974 3097 1038 3152 sint
1073 3097 1157 3152 Porro
1175 3113 1255 3154 omno

251 3185 324 3255 quod
342 3185 422 3255 vivit,
447 3191 496 3240 ant
520 3200 675 3255 nunquam,
701 3192 749 3241 aut
766 3186 908 3256 aliquando
928 3186 979 3242 erit
996 3200 1060 3242 vere
1076 3199 1202 3242 securum
1220 3183 1255 3242 ab

251 3273 324 3329 omni
336 3272 489 3331 molestia:
517 3287 582 3341 ergo
605 3273 692 3327 omnis
715 3274 806 3328 anima
828 3272 948 3329 humana
965 3280 1013 3330 aut
1030 3287 1136 3344 semper
1154 3273 1256 3329 misera

172 3384 179 3401 ·
253 3359 319 3430 erit,
339 3365 387 3415 aut
406 3359 459 3415 erit
476 3357 621 3426 aliquando
640 3374 704 3415 vere
721 3360 808 3416 beata.

173 3563 177 3568 ·
271 3518 335 3602 seo
360 3537 601 3601 nec'amantem
624 3535 762 3601 animam
792 3555 924 3604 necesse
953 3543 1003 3604 est
1024 3534 1156 3605 aeterne
1179 3537 1254 3604 bea·

183 3644 249 3707 tam
273 3656 359 3718 esse3
390 3657 449 3704 nec
479 3645 734 3706 contemnentem
766 3643 932 3725 miseram,
965 3644 992 3709 si
1023 3644 1066 3708 sit
1097 3642 1254 3708 mortalis.

183 3741 258 3817 Sive
280 3741 378 3824 igitur
400 3748 501 3824 amet,
524 3745 592 3811 sive
616 3752 800 3824 contemnat
822 3748 876 3828 id,
908 3748 950 3813 ad
971 3735 1057 3830 qnod
1078 3747 1255 3813 amandum

184 3851 293 3913 creata
315 3853 391 3929 est,¹
411 3867 543 3916 necesse
565 3856 615 3917 est
638 3870 706 3917 eam
730 3851 941 3929 immortalem
964 3867 1044 3916 esse.
1089 3850 1122 3918 Si
1146 3857 1254 3918 antem

184 3949 411 4034 aliquaesunt
433 3954 559 4021 animae
582 3955 776 4037 rationales,
805 3973 889 4040 qnae
918 3972 979 4021 nec
999 3960 1164 4038 amantes,
1195 3973 1256 4027 nec
