2684 4546
272 267 285 295 ¹
659 252 702 313 24

149 479 150 482 ,
210 421 308 478 nitura
326 421 440 476 relative
458 419 578 490 dicitnr,
598 436 622 474 v.
641 435 667 488 g.
686 419 758 488 quod
776 418 863 487 major
881 417 917 472 sit
933 416 1069 486 omnibns,
1087 433 1141 473 non
1160 419 1213 487 aig-

210 507 305 563 nificat
323 508 383 577 ejus
401 506 555 562 essentiam.
592 509 654 576 Ipsa
681 507 753 561 enim
776 522 826 577 per
843 521 872 560 se
892 511 919 560 et
934 521 988 560 non
1006 521 1056 574 per
1074 505 1148 560 aliud
1165 512 1213 560 aut

210 595 337 651 adalind
355 601 396 650 est
414 593 542 662 quicquid
567 599 616 648 est.
652 592 765 648 Praeter
792 593 905 648 relativa
931 591 1058 661 quicquid
1085 598 1139 661 est,
1166 597 1214 646 aut

210 685 299 753 ipsum
324 680 420 736 melius
447 687 489 736 est
514 697 595 749 quam
623 681 793 749 non-ipsum3
822 684 869 734 aut
894 679 1050 748 non-ipsum
1074 680 1103 733 in
1121 679 1211 747 aliquo

210 770 305 825 melius
324 773 365 823 est
383 783 463 835 quam
475 769 572 836 ipsum.
599 769 691 836 Ipsum
704 766 860 835 non-ipsum
876 766 1051 834 intelligitur,
1070 772 1100 820 ut
1117 780 1212 819 verum

211 870 383 922 non-verum,
408 869 507 921 corpus
524 869 579 907 non
598 869 709 922 corpus,
733 857 761 906 et
783 852 837 905 alia
859 851 1021 920 hujusmodi.
1057 853 1163 921 Ipsum,
1180 858 1212 906 ut

209 940 330 1011 sapiens,
348 946 389 995 est
407 926 675 1009 simpliciter'melius
688 955 769 1008 quam
781 939 950 1008 non-ipsum,
968 954 1016 994 seu
1027 940 1211 1007 non-sapiens.

208 1027 387 1095 Non-ipsum,
406 1031 449 1094 ut,
475 1042 531 1080 non
550 1028 729 1096 aurum,'est
746 1026 775 1079 in
794 1025 885 1092 aliquo
902 1024 998 1079 melius
1016 1041 1096 1092 quam
1114 1026 1213 1094 ipsum,

209 1115 265 1168 sive
283 1130 385 1167 aurum.
422 1113 561 1168 Summum
588 1130 642 1168 non
670 1119 712 1168 est
738 1112 847 1166 omnino
873 1117 900 1165 et
928 1112 1086 1180 simpliciter
1114 1112 1212 1167 melius

209 1216 291 1269 quam
319 1217 373 1254 non
402 1216 548 1268 summum3
576 1201 640 1268 qnia
666 1200 810 1254 relativum
837 1203 886 1252 est.
922 1199 984 1254 Non
1006 1211 1138 1252 summum
1157 1214 1212 1252 non

209 1296 251 1344 est
269 1289 299 1343 in
317 1289 408 1357 aliquo
426 1287 522 1349 melius
540 1302 622 1355 quam
633 1302 774 1342 summum.
798 1286 933 1341 Neutrum
951 1284 1075 1352 designat
1092 1300 1212 1339 summae

210 1372 323 1432 naturae
343 1376 494 1431 essentiam.
531 1375 640 1429 Summa
668 1381 766 1429 natura
784 1377 825 1427 est
842 1372 972 1440 quiequid
989 1372 1098 1427 omnino
1116 1370 1212 1425 melius
1255 1434 1258 1440 ,

208 1468 250 1519 eet
267 1480 348 1532 quam
365 1464 536 1531 non-ipsum:
563 1462 624 1530 ipsa
647 1461 721 1516 enim
745 1461 804 1515 sola
827 1467 944 1528 estque
967 1458 1036 1513 nihil
1055 1458 1165 1527 melius,
1184 1465 1212 1513 et

209 1568 278 1621 quae
310 1552 435 1605 omnibus
466 1556 508 1604 est
537 1546 640 1604 melior.
676 1549 751 1616 Ergo
781 1549 841 1617 ipsa
869 1564 924 1602 non
949 1551 991 1601 est
1018 1560 1132 1614 corpus,
1161 1561 1212 1600 nec

208 1637 312 1704 aliquid
341 1652 517 1705 corporeum3
543 1652 606 1691 nam
634 1640 676 1690 est
701 1635 805 1704 aliquid
830 1650 944 1705 corpore
972 1633 1080 1700 melius,
1108 1632 1211 1687 scilicet

207 1738 284 1778 mens
302 1723 450 1777 rationalis.
487 1722 562 1789 Ergo
580 1723 639 1791 ipsa
658 1728 700 1777 est
717 1723 821 1790 vivens,
850 1722 971 1791 sapiens,
1003 1724 1113 1789 potens,
1140 1734 1211 1787 vera,

204 1811 293 1880 justa,
320 1809 414 1879 beata,
441 1814 566 1878 aemma,
595 1815 623 1865 et
650 1810 780 1879 quicquid
806 1809 927 1865 absolute
954 1808 1051 1863 melius
1070 1813 1112 1863 est
1130 1802 1211 1875 quam

207 1899 372 1968 non-ipsum.

223 2074 294 2139 Jam
319 2093 381 2138 non
404 2074 563 2140 immerito
587 2073 681 2140 valde
697 2092 827 2139 moveor
850 2091 946 2156 quam
968 2073 1111 2139 studiose
1133 2090 1207 2153 pos-

137 2198 207 2244 sum
231 2179 395 2263 inquirere
419 2180 496 2262 quid
519 2181 676 2258 omnium,
700 2197 782 2261 quae
798 2178 837 2244 de
854 2164 960 2261 aliquo
976 2177 1037 2242 dici
1059 2178 1206 2258 possunt,

138 2285 210 2350 lruic
234 2289 298 2349 tam
323 2284 500 2348 admirabili
531 2287 666 2347 naturae
696 2282 987 2365 queatconvenire
1010 2281 1207 2345 substantia·

136 2388 217 2453 liter.
242 2389 453 2468 «Quanquam
490 2388 573 2452 enim
604 2387 701 2452 mirer
724 2388 751 2452 si
773 2387 875 2469 possit
897 2387 930 2451 in
954 2387 1132 2452 nominibus
1156 2389 1207 2452 vel

137 2491 377 2574 verbis,·'quae
409 2495 558 2573 aptamus
592 2491 689 2556 rebus
721 2489 815 2557 factis
847 2491 886 2556 de
918 2490 1032 2571 nihilo,
1070 2491 1206 2572 reperiri

136 2594 222 2676 quod
247 2595 342 2678 digne
367 2597 492 2662 dicatur
523 2597 563 2662 de
586 2597 741 2664 creatrice
764 2592 984 2663 universorum
1009 2601 1205 2677 substantia3

135 2702 326 2765 tentandum
355 2707 463 2767 tamen
496 2705 545 2766 est
573 2701 613 2765 ad
646 2696 720 2782 quid
750 2686 833 2767 hanc
863 2702 1100 2782 indagationem
1124 2704 1205 2768 ratio

134 2805 299 2884 perducat.
346 2806 461 2888 Itaque
485 2807 525 2871 de
548 2806 690 2871 relativis
706 2805 834 2888 quidem
858 2805 938 2891 nulli
962 2806 1104 2899 dulium,
1129 2808 1204 2890 quia

134 2908 257 2972 nullum
282 2927 391 2974 eorum
414 2909 626 2976 substantiale
649 2913 699 2974 est
728 2909 791 2990 illi,
821 2909 860 2975 de
884 2908 1103 2991 quo-relative
1128 2909 1204 2976 dici·

135 3018 196 3077 tur.
243 3013 350 3090 Quare
380 3015 406 3080 si
435 3015 510 3098 quid
544 3016 583 3082 de
615 3033 738 3081 summa
771 3019 889 3080 natura
922 3016 1039 3082 dicitur
1060 3016 1203 3095 relative,

134 3135 198 3181 non
223 3123 272 3183 est
295 3120 364 3201 ejus
388 3119 630 3202 significativum
654 3120 864 3188 substantiae.
901 3121 995 3188 Unde
1017 3121 1077 3185 hoc
1098 3120 1202 3198 ipsum

134 3220 218 3301 quod
243 3240 367 3286 summa
390 3225 530 3287 omnium
563 3224 629 3288 sive
661 3227 762 3307 major
797 3228 943 3293 omnibus
974 3244 1055 3309 quae
1086 3225 1125 3290 ab
1150 3225 1204 3290 illa

132 3320 218 3389 facta
242 3330 334 3406 sunt,
357 3329 408 3391 vel
432 3326 519 3391 aliud
544 3327 664 3409 aliquid
679 3329 824 3393 similiter
845 3329 980 3393 relative
1004 3328 1065 3393 dici
1086 3332 1202 3410 potest,

133 3424 338 3494 manifestum
370 3437 439 3511 est,
471 3433 622 3514 quoniam
655 3452 718 3498 non
744 3434 813 3515 ejus
837 3432 1018 3515 naturalem
1055 3436 1203 3516 designat

133 3535 313 3602 essentiam.
360 3535 394 3601 Si
418 3537 502 3601 enim
533 3537 623 3602 nulla
654 3557 764 3603 earum
797 3557 902 3603 rerum
934 3558 1074 3622 unquam
1108 3543 1202 3621 esset,

133 3632 266 3724 quarum
284 3640 439 3706 relatione
455 3659 580 3708 summa
591 3649 623 3708 et
638 3645 740 3726 major
757 3644 892 3723 dieitur;
907 3645 979 3726 ipsa
995 3663 1054 3710 nec
1069 3663 1202 3726 summa,

132 3765 191 3811 nec
214 3745 316 3827 maJor
338 3745 589 3826 intelligeretur:
620 3768 680 3814 nec
709 3754 816 3814 tamen
847 3749 958 3814 iccirco
989 3748 1094 3813 minus
1116 3749 1202 3814 bona

131 3853 235 3928 esset,
264 3854 322 3915 aut
345 3850 524 3918 essentialis
553 3870 632 3918 suae
662 3840 893 3935 magnitudinis
915 3855 948 3918 in
973 3854 1079 3938 aliquo
1104 3854 1200 3918 detri-

131 3959 274 4030 mentum
304 3961 480 4039 pateretur.
526 3956 618 4036 Quod
649 3979 688 4026 ex
721 3980 757 4026 eo
790 3957 961 4026 manifeste
991 3961 1202 4043 cognoscitur,
