2684 4546
631 274 694 338 uu

133 451 292 536 quianon
314 451 363 515 est
384 464 447 531 qno
467 446 573 529 majus
595 441 726 524 cogitari
749 461 811 509 non
841 441 962 524 pessit:
994 442 1121 509 nensis
1143 445 1193 509 est

133 553 356 634 indubitabile,
380 551 454 636 quie
477 551 504 616 ni
527 554 576 616 est
596 547 717 632 aliquid
740 548 844 630 majus
867 545 1028 627 omnibus,
1057 564 1121 612 nnn
1144 549 1194 613 est

133 658 221 726 eliud
243 675 337 741 quem
361 674 423 740 quo
443 656 548 739 majus
570 664 633 720 nou
663 653 765 735 possit
794 653 942 736 cogiteri3
971 656 1029 717 eut
1049 652 1077 717 si
1099 656 1194 734 esset,

133 784 198 831 non
230 766 316 830 esset
343 761 489 828 similiter
518 760 625 827 eliud:
658 760 814 844 quomodo
848 762 967 825 eertum
1000 760 1050 822 est
1082 757 1123 823 de
1156 775 1194 822 eo

134 868 220 952 qued
241 866 372 947 dicitur,
397 885 458 952 quo
480 866 585 950 majus
607 865 740 946 cogitari
762 864 881 949 nequit.
926 863 1009 944 Quid
1033 864 1133 929 enim:
1167 861 1195 929 si

133 973 204 1056 quis
227 973 312 1040 duat
333 990 404 1038 esse
427 971 546 1056 aliquid
561 973 664 1054 meJus
679 969 825 1037 omnbus
841 987 923 1053 quae
945 971 1037 1050 sunt,
1061 973 1093 1033 et
1113 967 1195 1049 idip-

133 1095 203 1144 sum
225 1083 332 1143 tannen
356 1095 450 1159 posse
473 1077 605 1158 eogitari
627 1094 691 1141 nen
707 1093 798 1156 esse;
822 1080 854 1141 et
875 1073 998 1158 aliquid
1020 1074 1124 1156 majus
1147 1092 1195 1154 eo,

50 1240 54 1248 .
133 1182 258 1248 etiamsi
280 1184 427 1263 nonsit,
451 1198 546 1264 posse
568 1187 675 1247 temen
700 1181 850 1261 cogitari:
881 1198 923 1245 sn
944 1179 995 1247 hic
1017 1181 1063 1247 sic
1084 1184 1196 1262 aperte

131 1286 244 1353 inferri
266 1291 389 1368 potest,
420 1305 484 1353 non
516 1289 566 1352 est
593 1302 668 1365 ergo
690 1284 794 1366 majus
825 1284 971 1350 omnibus
1000 1289 1195 1368 quaesunt,
1298 1286 1302 1295 '

133 1393 216 1458 sieut
236 1390 280 1464 ibi
304 1391 504 1474 apertissime
527 1392 702 1470 diceretur
737 1407 813 1470 ergo
841 1408 905 1455 non
936 1392 985 1454 est
1008 1406 1070 1472 quo
1091 1390 1196 1472 majus

134 1494 265 1576 cogitari
298 1497 432 1581 nequit?
468 1496 551 1563 Illud
583 1514 719 1580 nemque
753 1495 816 1561 elio
848 1493 971 1575 indiget
1001 1498 1195 1577 argumente,

134 1620 229 1685 quem
256 1601 316 1668 hue
345 1601 431 1684 qued
463 1602 592 1680 dieitur,
624 1602 769 1668 omnibus
799 1601 915 1684 majus.
958 1597 996 1663 Iu
1027 1600 1087 1664 iste
1119 1616 1195 1667 ruo
1231 1610 1234 1615 ’

134 1724 198 1770 non
221 1709 272 1770 est
292 1723 374 1787 epus
395 1705 476 1786 elie,
499 1723 591 1789 quem
607 1705 666 1771 hon
680 1706 749 1787 ipso
767 1704 851 1788 quod
874 1709 983 1785 sonat,
1007 1725 1068 1787 que
1089 1706 1197 1788 majus

133 1812 270 1894 eogitari
290 1830 354 1877 neu
368 1813 487 1894 possit.
533 1812 617 1894 Ergo
639 1811 667 1876 si
690 1829 763 1875 non·
779 1808 922 1875 similiter
943 1814 1048 1890 potest
1067 1807 1196 1891 probari
1279 1863 1282 1866 .

135 1916 175 1981 de
197 1935 243 1997 ee,
264 1914 348 2000 quod
371 1920 472 2002 majus
485 1915 632 1984 omnibus
654 1916 784 1995 dicitur,
809 1914 892 1999 qnod
915 1913 955 1980 de
977 1932 1091 1997 seper
1112 1915 1197 1997 seip·
1278 1982 1282 1999 ,

134 2040 203 2088 sum
226 2023 343 2105 probet
365 2040 428 2106 quo
450 2024 554 2106 msJue
577 2023 688 2107 nequit
703 2021 849 2104 cogitari,
872 2020 993 2102 injuste
1014 2038 1064 2084 me
1087 2037 1196 2101 repre·

134 2126 272 2193 hendisti
296 2127 413 2194 dixisse
437 2131 522 2212 quod
552 2147 615 2194 nen
650 2127 731 2207 dixi,
762 2147 832 2194 cum
859 2132 983 2193 tentum
1006 2124 1133 2191 differet
1155 2126 1195 2191 eb

134 2249 171 2296 eo
184 2232 268 2314 quod
280 2212 353 2298 di'xi.
377 2232 499 2298 Sirene
516 2231 567 2298 vel
585 2250 643 2314 per
654 2231 741 2296 aliud
756 2236 977 2312 argumentum
991 2235 1113 2311 potest:
1137 2246 1197 2296 nee

133 2334 179 2402 sic
200 2355 251 2402 me
274 2336 411 2403 debuisti
423 2338 657 2419 reprehendere
672 2337 799 2416 dixisse,
824 2335 908 2419 quod
930 2334 1059 2416 probari
1081 2340 1195 2417 potest

132 2439 247 2519 Utrum
262 2445 369 2507 eutem
383 2440 501 2522 possit,
524 2439 617 2508 facile
632 2439 820 2522 perpendit,
844 2439 898 2522 qui
919 2438 978 2507 hoe
999 2457 1109 2522 posse,
1134 2459 1196 2525 quo

132 2545 236 2626 majus
260 2544 390 2628 eogitari
413 2544 542 2628 nequit,
571 2544 748 2626 cognoscit:
777 2543 963 2610 nullatenus
985 2545 1067 2610 enirn
1090 2548 1197 2627 potest

132 2648 268 2731 intelligi
302 2669 363 2734 quo
398 2651 498 2732 magis
530 2633 660 2731 eogitari
693 2667 758 2714 non
790 2649 910 2730 possit3
950 2650 1011 2714 nisi
1043 2649 1076 2714 id
1110 2651 1196 2732 qued

132 2754 233 2820 solum
256 2755 402 2822 omnibus
425 2762 475 2822 est
496 2757 607 2839 majus.
647 2754 736 2820 Sicut
757 2772 831 2837 ergo
855 2772 916 2838 que
938 2755 1042 2836 majus
1064 2755 1197 2833 cogitari

132 2862 243 2945 nequit
264 2861 469 2944 intelligitur,
504 2866 536 2928 et
566 2867 616 2928 est
645 2861 679 2936 in
708 2860 889 2939 intellectu;
921 2864 953 2924 et
974 2858 1045 2925 ideo
1069 2877 1140 2925 esse
1162 2860 1196 2924 iu

131 2965 178 3028 rei
200 2964 335 3030 ueritate
357 2966 532 3032 asseritur:
557 2966 601 3032 sic
617 2964 826 3050 quodmejus
843 2963 958 3029 dicitur
979 2963 1124 3029 omuibus
1147 2963 1195 3050 in,-

131 3066 251 3149 telligi,
286 3073 319 3135 et
350 3085 420 3135 esse
449 3068 484 3134 in
513 3069 694 3147 intellectu3
726 3065 901 3133 etidcirco
931 3067 1036 3149 reipsa
1063 3085 1133 3133 esse
1157 3085 1196 3132 ex

131 3173 323 3240 necessitate
346 3173 556 3240 concluditur.
593 3173 690 3241 Vides
714 3190 790 3254 erge
813 3190 906 3256 quam
930 3176 1090 3255 rectene
1112 3190 1195 3239 coun-

131 3280 254 3362 p-erasti
276 3279 374 3346 stulto
396 3279 459 3362 illi,
484 3280 539 3364 qui
561 3279 620 3346 hoc
636 3278 702 3346 sele
718 3277 805 3363 quod
821 3277 980 3361 descripta
1001 3276 1195 3375 intelligere-

132 3387 200 3464 tur,
221 3385 379 3464 perditen
401 3385 540 3453 insulem
563 3403 634 3453 esse
656 3385 753 3451 vellet
775 3402 930 3451 asserere.

555 3558 692 3627 CAPUT
715 3557 771 3625 VI.
807 3630 813 3638 ,

131 3675 283 3733 Discutitur
309 3674 410 3733 dietum
436 3676 582 3733 adeunti
606 3677 637 3731 in
662 3693 734 3733 num.
753 3679 794 3731 2:
821 3677 958 3747 queedbet
975 3675 1046 3733 isles
1069 3675 1194 3732 similiter

132 3836 135 3841 ⁴
201 3769 312 3836 possent
329 3763 459 3834 intelligi,
476 3768 557 3835 etque
575 3762 641 3820 eden
661 3769 759 3821 essent

219 3907 312 3986 Quod
331 3913 439 3973 autern
459 3905 590 3988 objicis,
620 3905 781 3990 quaelibet
812 3904 895 3972 islsn
915 3904 976 3978 veis
989 3903 1086 3970 dubia
1106 3904 1192 3969 sirni-

130 4009 205 4079 liter
225 4014 321 4094 ροβε
341 4011 493 4094 intelligi,
506 4012 548 4079 'st
569 4027 644 4079 esse
660 4010 695 4077 in
716 4010 897 4093 intelleetn,
928 4008 1192 4095 quenadmodum
