2684 4546
648 251 690 312 93

99 479 104 489 ,
164 472 168 477 .
201 432 309 489 sempor
327 422 445 487 amaret,
469 414 500 471 id
516 415 625 472 aurern
640 415 684 471 rei
701 414 804 471 auferri
822 416 1098 488 permisceamus,
1122 421 1206 475 etex

107 514 110 518 '
201 506 364 563 necessitate
382 521 437 561 non
455 510 544 560 amet:
568 518 630 557 cum
650 502 768 559 dubitari
786 518 840 558 non
858 502 963 574 debeat,
981 501 1055 573 quod
1074 502 1133 573 ipse
1150 520 1206 559 om·
1290 514 1294 521 ‘

85 594 96 607 '
130 610 161 628 ³·
200 608 263 650 mem
287 599 414 648 naturam
442 607 472 648 se
497 606 561 646 vere
578 597 714 646 amantem
733 595 811 645 amet
848 584 922 661 Ergo
946 591 1048 661 liquet,
1071 588 1207 646 numanae

201 687 317 736 naturae
333 695 472 750 nunquam
491 677 592 735 suferri
610 694 687 734 suam
705 678 802 749 ιὶιιιιι,
823 679 847 733 si
866 693 972 748 semper
988 677 1097 733 studeat
1115 690 1207 732 amare

202 781 334 823 summam
351 769 443 822 vitam.
480 766 533 822 Sed
560 766 708 821 absurdum
726 751 785 835 esf,
813 765 955 835 utilique
979 770 1078 820 nature
1101 777 1207 832 semper

203 853 318 910 amando
346 853 441 924 ilium,
467 854 515 923 qui
533 859 574 909 est
592 869 695 910 summe
720 853 809 910 bonus
836 860 864 910 et
891 853 1074 923 omnipotens,
1101 865 1208 920 semper

201 940 300 1001 misere
316 941 404 1015 vivat..
433 942 508 1011 Ergo
527 942 616 996 anima
632 941 762 1012 humans,
787 943 853 1011 quia
869 942 1010 996 rationalis
1029 946 1084 1010 est,
1104 937 1208 994 adhoc

202 1035 245 1084 est
262 1028 343 1096 soom,
360 1035 391 1083 ιιι
409 1030 433 1085 si
452 1035 542 1085 servet
560 1028 596 1098 id,
614 1028 649 1084 ad
668 1029 740 1099 quod
758 1028 832 1085 facta
849 1034 897 1100 est,
912 1027 1058 1098 aliquando
1076 1039 1208 1082 securae

102 1166 110 1175 .
201 1121 289 1171 marte
307 1122 335 1175 et
354 1117 389 1171 ab
408 1117 481 1170 omni
499 1115 623 1171 molestia
639 1116 720 1172 beate
739 1117 821 1173 rivet.

221 1257 362 1325 Dubium
386 1261 495 1323 autem
519 1275 582 1324 non
606 1262 671 1338 est,
703 1255 842 1322 animam
865 1256 1039 1323 humanam
1062 1274 1133 1323 esse
1157 1274 1208 1322 ra·

132 1361 285 1428 tionalem
309 1357 508 1429 creaturam:
541 1378 618 1442 ergo
646 1377 781 1427 necesse
805 1363 870 1440 est,
901 1378 971 1425 eam
995 1380 1067 1428 esse
1089 1359 1209 1427 factam

133 1465 173 1531 ad
195 1460 273 1547 hoc,
296 1468 334 1532 ut
364 1474 450 1533 amet
474 1484 630 1533 summam
654 1466 837 1532 essentiam.
867 1465 1007 1532 Necesse
1031 1468 1081 1532 est
1101 1465 1209 1547 igitur,
1303 1542 1310 1559 ι

133 1588 205 1639 eom
228 1589 299 1638 esse
323 1567 443 1638 iactam
465 1571 587 1638 autad
610 1569 688 1652 hoc,
712 1576 750 1636 ut
771 1571 842 1637 sine
864 1569 928 1637 fine
951 1578 1056 1652 amet;
1087 1569 1209 1638 autad

132 1676 209 1759 hoc,
231 1684 269 1743 ut
290 1676 464 1760 aliquando
486 1676 537 1743 vel
552 1680 686 1758 sponte,
710 1676 761 1742 vel
782 1675 940 1744 violenter
961 1677 1047 1744 hunc
1068 1693 1209 1743 amorem

132 1784 270 1849 amittat.
316 1782 380 1849 Sed
405 1780 498 1848 nefas
521 1786 572 1848 est
605 1782 798 1864 aestimare,
830 1800 986 1848 summam
1018 1781 1209 1863 sapientiam

134 1889 175 1954 sd
210 1888 271 1955 hoc
302 1906 372 1953 eam
403 1885 532 1969 fecisse,
565 1891 602 1953 ut
635 1887 807 1971 aliquando
840 1891 965 1953 tantum
1001 1888 1121 1952 bouum
1154 1889 1211 1952 aut

134 1978 337 2074 contemnat,
372 1996 429 2057 aut
464 1991 575 2058 volens
603 1995 718 2058 tenere
751 1991 859 2075 aliqua
900 1991 1052 2058 violentia
1083 1990 1209 2073 perdat.

133 2097 247 2165 Restat
269 2098 376 2179 igitur,
401 2115 471 2162 eam
495 2114 567 2162 esse
587 2096 629 2163 ad
652 2096 712 2162 hoc
734 2094 860 2179 factam,
884 2101 921 2161 ut
937 2092 1013 2162 'sine
1034 2094 1098 2161 fine
1121 2098 1208 2160 amet

134 2220 291 2269 summam
330 2202 511 2269 essentiam.
557 2204 600 2266 At
636 2199 697 2267 hoe
732 2197 840 2267 iacere
877 2220 942 2279 non
979 2205 1108 2283 potest,
1147 2199 1208 2266 nisi

134 2326 262 2390 semper
284 2307 378 2373 vivat.
423 2305 475 2372 Sic
498 2306 596 2387 igitur
619 2309 669 2372 est
690 2302 796 2386 iacta,
827 2310 863 2370 ιιι
894 2322 1021 2386 semper
1043 2305 1148 2385 vivat,
1180 2303 1209 2369 si

134 2400 262 2494 semper
284 2410 362 2477 velit
382 2411 415 2477 id
438 2408 562 2490 facere,
585 2409 627 2475 ad
650 2411 835 2493 quodfacto
858 2414 916 2475 est.
948 2409 1075 2479 Deinde
1097 2409 1208 2475 incon·

134 2517 269 2586 ueniens
292 2515 386 2581 nimis
410 2520 460 2582 est
482 2515 732 2596 summobono,
766 2532 952 2597 summeque
987 2513 1142 2595 sapienti,
1177 2519 1210 2580 et

136 2621 346 2703 omnipotenti
370 2620 532 2702 Creatori,
555 2626 593 2685 ut
614 2619 700 2703 quod
722 2617 800 2686 iecit
816 2636 886 2684 esse
903 2618 945 2683 ad
968 2636 1003 2684 se
1026 2618 1208 2697 amandum,

135 2725 169 2792 id
203 2724 302 2792 faciat
335 2744 400 2791 non
433 2742 524 2806 esse,
558 2724 712 2808 quamdiu
745 2741 821 2790 vere
854 2722 1026 2801 amaverit3
1059 2727 1092 2787 et
1124 2719 1211 2803 quod

136 2822 367 2912 sponte'dedit
390 2849 454 2896 non
478 2831 617 2911 amanti,
651 2836 688 2896 ut
710 2848 838 2912 semper
860 2830 1001 2907 amaret,
1025 2827 1059 2893 id
1082 2824 1211 2891 auferat
1238 2826 1259 2889 3

136 2934 188 2998 vel
210 2930 332 2997 auferri
353 2935 522 3015 permittat
537 2935 677 3014 amanti,
701 2942 737 3000 ιιι
762 2953 801 2999 ex
817 2933 1009 2999 necessitate
1026 2951 1091 2997 non
1108 2935 1210 3010 amet;
1318 2926 1323 2938 ’

65 3102 71 3109 ,
137 3032 329 3119 praesertim
369 3055 440 3103 rum
464 3038 605 3106 dubitari
639 3037 824 3103 nullatenus
859 3036 992 3118 debeat,
1023 3037 1109 3119 quod
1140 3035 1211 3117 ipse

137 3159 263 3207 omnem
288 3143 436 3206 naturam
466 3158 501 3208 se
530 3160 604 3209 vere
638 3146 800 3208 amentem
832 3147 927 3207 amet.
972 3139 1082 3221 Quare
1109 3139 1210 3205 meni·

138 3242 255 3313 festum
269 3251 328 3328 est,
344 3245 506 3314 humanae
522 3247 648 3314 animae
664 3267 828 3331 nunquam
844 3244 965 3313 auferri
988 3264 1080 3313 suam
1102 3247 1210 3326 uitam,

138 3353 166 3418 si
188 3369 315 3433 semper
336 3351 466 3418 studeat
488 3372 599 3421 amare
628 3371 785 3419 summam
815 3353 921 3420 uitam.
966 3350 1112 3432 Qualiter
1134 3367 1211 3430 ergo

136 3455 250 3535 vivet?
287 3455 373 3533 Quid
406 3457 490 3523 eninr
522 3476 675 3538 magnum
710 3463 761 3537 est
793 3456 893 3538 longa
924 3457 1007 3536 vita,
1041 3455 1103 3521 nisi
1126 3455 1169 3535 sit
1189 3471 1212 3518 a

139 3558 358 3626 molestiarum
380 3559 565 3644 incursione
588 3579 664 3626 vere
687 3559 826 3626 secura?
850 3559 1004 3642 Quisquis
1026 3559 1111 3624 enim
1135 3558 1211 3623 dum

140 3664 235 3745 vivit,
266 3668 322 3729 aut
344 3662 505 3741 timendo,
535 3669 593 3728 aut
613 3664 768 3745 patiendo
790 3664 945 3730 molestiis
968 3664 1131 3745 sabjacet,
1154 3664 1212 3735 aut

140 3767 224 3836 falsa
247 3769 420 3836 securitate
442 3765 583 3848 fallitur,
616 3769 692 3851 quid
716 3768 779 3833 nisi
802 3770 918 3835 misere
941 3765 1046 3849 vivit?
1084 3763 1118 3830 Si
1140 3764 1214 3846 quie

141 3879 249 3941 eutem
272 3875 312 3940 ab
335 3872 385 3940 his
407 3873 489 3940 liber
511 3872 606 3954 vivit,
632 3873 725 3940 beate
741 3874 828 3940 vivit.
859 3873 924 3940 Sed
946 3870 1211 3939 absurdissimum

141 3986 200 4062 est,
223 3985 261 4044 nt
272 3980 379 4064 aliqua
394 3985 510 4047 natura
525 3995 653 4062 semper
669 3978 806 4045 amando
820 3977 929 4058 ilium,
952 3975 1007 4060 qui
1023 3981 1074 4042 est
1088 3988 1212 4044 summe
