2684 4546
679 253 721 312 30

168 424 284 513 dicitur
307 427 339 488 et
361 438 494 501 corpus,
518 422 550 484 et
572 419 756 498 rationulis,
780 425 812 482 et
833 418 946 497 homo;
970 439 1032 484 non
1056 440 1121 485 uno
1144 422 1238 486 modo

168 529 218 594 vel
242 524 498 593 consideratione
520 525 598 590 haec
620 523 684 587 trio
707 523 832 588 dicitur.
877 523 1059 589 Secundum
1082 523 1169 588 aliud
1190 529 1240 590 est

168 633 253 698 onim
277 646 408 712 corpus,
432 633 466 693 et
486 627 662 694 secundum
685 627 773 694 aliud
797 627 982 708 rationulis,
1015 633 1048 694 et
1077 628 1237 710 singulum

167 737 362 802 horum'non
380 739 430 799 est
447 738 549 799 totum
563 733 606 814 id,
625 734 711 817 quod
727 739 777 798 est
794 733 898 798 homo.
930 732 991 813 Illa
1014 751 1091 798 vero
1114 751 1241 798 summu

169 841 310 907 essentia
333 838 420 904 nullo
443 841 536 906 modo
559 839 605 905 sic
629 845 682 904 εειΙ
694 839 834 922 aliquid,
858 843 895 903 ut
916 838 997 903 illud
1018 839 1102 904 idem
1126 856 1240 906 seeun-

169 946 244 1012 dum
269 945 365 1010 alium
389 943 534 1022 modum,
557 950 614 1008 out
636 944 813 1010 secundnm
830 944 925 1008 olium
950 943 1238 1009 considerationem

168 1070 233 1117 uon
256 1050 314 1128 sit;
338 1049 413 1132 quia
436 1048 586 1131 quicquid
609 1042 716 1132 aliquo
740 1032 833 1114 modo
850 1047 1067 1113 essentialiter
1090 1054 1155 1128 est,
1179 1047 1239 1113 hoo

158 1136 219 1224 ¹est
251 1160 374 1235 totum,
408 1155 493 1237 quod
526 1154 599 1234 ipsu
622 1158 680 1218 est.
725 1152 812 1235 Nihil
844 1151 941 1234 igitur
974 1152 1059 1235 quod
1094 1153 1133 1216 de
1168 1153 1237 1234 ejus

168 1261 310 1327 essentie
333 1277 408 1324 vere
442 1258 574 1338 dieitur,
608 1259 641 1322 in
673 1277 710 1323 eo
745 1256 831 1339 quod
865 1257 984 1339 qualis,
1021 1256 1071 1322 vel
1106 1263 1237 1341 quanta,

169 1366 283 1432 sedin
306 1363 452 1446 eoquod
483 1362 559 1444 quid
589 1361 648 1441 sit,
682 1361 845 1441 accipitur.
891 1360 1048 1443 Quicquid
1071 1361 1156 1425 enim
1182 1367 1240 1440 est,

170 1471 220 1538 rel
243 1469 354 1554 quale,
378 1465 428 1533 vel
445 1470 627 1548 -quuntum,
650 1472 701 1530 est
716 1465 812 1529 etiam
828 1464 916 1529 uliud
937 1465 971 1528 in
995 1483 1033 1530 eo
1056 1466 1141 1548 quod
1164 1466 1241 1548 qnid

170 1580 239 1656 est,
261 1574 347 1639 unde
370 1590 435 1636 non
458 1568 610 1651 simplex,
634 1564 691 1636 sed
714 1569 924 1651 compositum
947 1577 1003 1635 est.
1055 1602 1059 1609 ·

566 1772 705 1844 CAPUT
728 1777 845 1844 XVIII.

417 1915 496 1984 Quod
513 1915 550 1970 sit
567 1916 625 1970 sine
643 1915 794 1985 principio,
813 1922 841 1970 et
860 1917 918 1972 sine
935 1916 998 1972 fine.

170 2055 554 2129 Conspectus-cepitis.
573 2084 606 2094 -
631 2053 660 2108 Si
678 2044 782 2110 summu
799 2054 952 2117 substantia
970 2057 1134 2126 principium
1152 2056 1243 2128 habet,

240 2150 288 2199 εει
305 2160 339 2200 ex
357 2159 399 2213 se,
417 2149 465 2198 εει
484 2159 518 2198 ex
535 2141 602 2210 alio,
628 2148 675 2196 aut
693 2158 727 2197 ex
744 2142 830 2198 nihilo
848 2138 949 2199 habet'
973 2144 1035 2199 Non
1059 2160 1092 2199 ex
1111 2144 1178 2213 ullo,
1196 2149 1244 2200 eut

238 2247 273 2287 ex
290 2229 375 2287 nihilo
392 2230 490 2286 habet:
508 2246 571 2285 cum
583 2229 725 2298 probatum
737 2231 773 2285 sit
784 2246 844 2286 eum
856 2247 911 2286 nou
923 2246 984 2286 esse
1003 2248 1037 2287 ex
1055 2232 1122 2301 alio,
1141 2224 1190 2285 urit
1209 2248 1243 2287 ex

239 2320 333 2375 nihilo.
355 2320 419 2374 Non
431 2318 514 2374 etiem
526 2334 560 2374 ex
577 2332 607 2372 se
625 2317 669 2372 vel
685 2333 736 2388 per
755 2333 784 2373 se
801 2319 911 2374 initium
932 2319 1029 2374 hebet:
1055 2320 1094 2373 sic
1112 2319 1183 2373 enim
1201 2326 1245 2374 εει

239 2423 274 2464 ex
292 2421 322 2462 εε
339 2406 383 2461 vel
400 2423 450 2476 per
467 2421 513 2475 se,
539 2412 570 2460 ut
592 2421 646 2461 non
664 2405 718 2461 uliu
734 2407 772 2461 sit
789 2408 923 2477 essentie,
950 2422 1021 2476 quoe
1039 2412 1081 2462 est
1099 2423 1150 2476 per
1167 2422 1198 2462 se
1216 2410 1245 2462 et

241 2510 336 2565 exse,
354 2502 382 2551 et
390 2493 457 2564 elie,
476 2509 526 2565 per
544 2510 626 2563 quum
645 2500 672 2549 et
690 2509 724 2548 ex
742 2510 796 2563 qua
815 2501 871 2549 est:
890 2495 1010 2564 alioquin
1025 2495 1154 2564 jamnon
1172 2498 1245 2549 esset

240 2597 290 2652 per
308 2597 351 2651 se,
370 2581 417 2636 sed
436 2597 487 2652 per
504 2580 586 2636 uliud.
623 2581 733 2637 Summo
756 2583 841 2655 igitur
865 2582 963 2638 nature
987 2598 1041 2639 non
1058 2582 1176 2652 incoepit
1194 2598 1245 2653 per

240 2682 270 2724 se
289 2670 382 2724 velex
399 2683 445 2751 seL
464 2660 527 2724 'Sed
552 2664 603 2725 nec'
628 2666 710 2724 finem
727 2668 845 2724 habebit.
882 2669 910 2725 si
929 2671 1000 2725 enim
1018 2669 1099 2725 finem
1117 2669 1246 2747 hobitum

241 2761 300 2810 ent:
329 2760 352 2810 1.
370 2756 433 2812 Nou
452 2761 495 2811 est
512 2771 615 2811 summe
633 2757 703 2825 vita,
721 2772 770 2812 seu
788 2757 949 2811 immortalis
968 2763 995 2812 et
1012 2755 1244 2828 incorruptibilis5

241 2848 266 2898 2.
292 2849 340 2899 εει
365 2842 457 2899 volens
481 2848 530 2901 εει
556 2843 652 2901 nolens
678 2844 788 2899 desinet.
822 2844 884 2900 Non
911 2842 1020 2914 uolens,
1048 2844 1185 2913 quianon
1203 2850 1245 2899 εει

241 2931 358 3001 simplex
375 2931 481 3002 bonum,
500 2932 734 3001 cujusuoluututo
750 2933 822 3001 perit
837 2947 972 2987 summum
992 2933 1102 2988 bonum.
1131 2932 1161 2987 Si
1180 2946 1245 2987 vero

240 3018 350 3088 nolens,
366 3025 707 3091 nonestsummepotens3
723 3022 748 3074 3.
766 3036 821 3076 non
831 3025 902 3074 esset
913 3024 1025 3076 aeterne
1035 3039 1042 3090 ;
1061 3023 1086 3073 4.
1105 3019 1246 3075 ueritatem

241 3105 404 3176 principium
431 3109 473 3163 vel
497 3108 578 3164 finem
604 3096 712 3164 hebere*
731 3107 826 3177 nequit
852 3107 973 3175 cogitari.
1008 3107 1155 3174 Nunquam
1172 3106 1244 3159 enim

240 3209 295 3248 nou
313 3210 406 3249 verum
423 3195 489 3266 luit,
513 3197 577 3265 quie
604 3194 727 3249 futurum
744 3197 804 3251 'erut
820 3193 942 3263 uliquid3
969 3199 997 3249 et
1024 3206 1162 3260 nunquam
1189 3182 1242 3244 non

241 3296 335 3337 verum
353 3283 413 3354 erit,
432 3285 496 3352 quie
507 3282 689 3353 praeteritum
706 3288 748 3338 εει
766 3274 877 3350 aliquid.

204 3524 209 3531 .
259 3459 308 3524 Ex
331 3478 394 3543 quo
416 3459 514 3540 igitur
537 3447 618 3524 hoec
640 3462 706 3522 tum
736 3456 872 3536 simplex
903 3462 1020 3522 nature
1052 3458 1189 3523 creatrix
1212 3463 1245 3521 et

173 3564 263 3645 vigor
287 3567 429 3632 omnium
451 3563 529 3644 fuit,
554 3564 605 3631 vel
626 3578 791 3646 usquequo
815 3558 926 3626 lutura
948 3562 1024 3627 est?
1044 3556 1113 3627 'An
1136 3561 1243 3642 potius

174 3689 233 3737 nec
256 3689 296 3736 ex
319 3690 398 3755 quo,
422 3688 481 3736 nec
503 3687 669 3752 usquequo
686 3671 751 3747 est,
777 3668 834 3734 sed
851 3669 920 3734 sine
938 3668 1095 3759 principio
1119 3672 1152 3732 et
1173 3667 1245 3731 sine

172 3773 237 3840 fine
258 3776 332 3842 est?
370 3775 404 3840 si
426 3775 511 3840 enim
541 3774 731 3855 principium
766 3773 882 3855 habet,
913 3778 970 3839 ont
992 3791 1031 3837 ex
1054 3789 1090 3836 se
1114 3772 1164 3837 vel
1185 3790 1244 3853 per

173 3896 210 3944 se
231 3879 291 3946 hoc
312 3880 431 3958 hebet3
463 3882 520 3943 unt
550 3896 590 3945 ex
617 3878 678 3944 ulio
709 3879 759 3945 rel
782 3897 840 3961 per
864 3877 971 3956 cliud3
1003 3883 1061 3942 eut
1082 3896 1122 3941 ex
1145 3876 1244 3941 nihilo

174 3984 226 4050 vel
248 4003 307 4066 per
329 3983 417 4050 nihil.
447 3984 511 4052 Sed
529 3990 655 4068 constet
668 4005 727 4067 per
750 3987 918 4053 veritatem
940 3985 1009 4067 jum
1031 3990 1243 4066 perspectam,
1336 4054 1338 4061 ,
