2684 4546
646 251 687 310 70

6 512 14 525 ,
132 433 182 498 est
201 427 303 497 Filius
325 423 433 492 Patris
462 421 563 487 virtus
594 423 627 486 et
655 416 830 519 sapientia,
862 432 920 481 seu
954 411 1076 478 veritas
1099 415 1132 479 et
1151 411 1205 495 ju·

132 533 237 623 stitia,
261 535 293 598 et
315 526 467 614 quicquid
488 523 603 592 summi
626 522 764 605 Spiritus
788 519 936 588 conuenit
958 516 1128 584 essentiae.
1209 517 1214 522 “

531 816 669 884 CAPUT
693 815 803 894 XLVI.

35 1008 39 1013 .
133 960 273 1032 Quomodo
291 957 423 1028 quaedam
440 971 475 1012 ex
485 955 529 1011 his
541 969 611 1024 quae
622 953 661 1009 sic
672 953 862 1024 proferuntur,
879 951 959 1009 aliter
975 969 1083 1024 quoque
1101 953 1207 1023 possint

601 1041 727 1110 intelligi

134 1171 358 1239 conspectus
376 1163 518 1235 capitis.
536 1192 571 1203 -
589 1161 677 1218 Filius
695 1163 749 1218 dici
767 1163 848 1218 etiam
865 1167 957 1232 potest
974 1161 1161 1230 intelligentia
1178 1168 1207 1218 et

165 1268 167 1272 ’
204 1256 349 1326 sapientia,
370 1252 484 1308 seientia
510 1258 538 1307 et
564 1251 681 1321 cognitio
708 1251 814 1320 Patris;
842 1251 906 1319 quia
933 1250 1075 1318 intelligit,
1104 1249 1156 1304 solt
1179 1255 1208 1305 ot

204 1344 279 1398 novit
303 1342 392 1412 ipsam
408 1328 498 1396 Pat'ris
523 1341 674 1394 essentiam.
709 1338 817 1394 Veritas
843 1340 924 1393 etiam
949 1338 1040 1393 Patris
1066 1353 1098 1394 eo
1124 1352 1208 1392 sensu
1258 1372 1262 1379 »

204 1430 259 1486 dici
276 1435 373 1500 potest,
393 1429 458 1497 quia
476 1424 896 1496 nonestimperfectaimitatio,
915 1425 1088 1491 redintegra
1106 1424 1207 1479 veritas

204 1523 233 1574 et
258 1517 319 1586 ipsa
345 1516 462 1570 essentia
487 1520 619 1583 paternae
641 1493 825 1584 substantiae,
856 1518 883 1569 et
901 1518 1016 1570 non-ast
1034 1511 1109 1567 aliud
1126 1525 1208 1580 quam

204 1604 277 1674 quod
295 1608 337 1659 cst
352 1603 440 1657 Pater.

223 1777 381 1844 Videntur
403 1779 511 1843 tamen
534 1776 692 1860 quaedam
724 1794 764 1840 ex
796 1775 865 1856 hie,
895 1794 978 1858 quae
1000 1778 1047 1843 sic
1068 1775 1208 1859 proferri

136 1889 169 1950 at
190 1881 327 1961 intelligi
355 1884 510 1963 possunt,
544 1880 639 1945 aliam
669 1897 796 1962 quoque
828 1898 893 1944 non
915 1879 1125 1961 incongruam
1147 1881 1207 1947 sub

135 1987 195 2054 hac
217 1988 288 2070 ipsa
309 1986 573 2068 pronuntiatione
595 1985 843 2065 intelligentiam
872 1986 1045 2066 suscipere.
1089 1985 1228 2073 Liquet¹

138 2092 223 2159 enim
246 2091 361 2159 Filium
384 2108 455 2156 esse
477 2110 587 2157 verum
611 2093 762 2175 verbum,
785 2093 819 2158 id
842 2099 891 2158 est
912 2092 1087 2175 perfectam
1112 2094 1208 2160 intelss

72 2195 75 2199 ’
136 2196 319 2280 ligantiam,
358 2195 426 2262 sive
458 2196 634 2281 perfectam
668 2185 767 2264 totius
806 2203 964 2280 paternae
1007 2198 1208 2265 substantiae

138 2301 369 2382 cognitionem,
393 2307 426 2366 et
448 2301 632 2383 scientiam,
665 2307 698 2368 et
711 2296 927 2385 sapientiam,
960 2303 993 2367 id
1024 2308 1089 2382 est,
1125 2321 1210 2386 quae

126 2405 241 2487 ¹ipsam
263 2406 368 2471 Patris
388 2406 538 2490 intelligit
567 2408 756 2486 essentiam,
792 2413 825 2474 et
858 2407 1037 2491 cognoscit,
1072 2411 1106 2472 et
1139 2407 1209 2490 soit,

138 2515 172 2574 et
194 2508 287 2590 sapit.
333 2509 368 2576 si
389 2510 489 2591 igitur
510 2512 571 2580 hoo
593 2531 689 2579 sensu
713 2513 839 2580 dicatur
861 2513 961 2578 Filius
982 2511 1090 2578 Patris
1113 2512 1209 2578 intel·

137 2611 287 2696 ligentia,
311 2617 344 2679 et
360 2615 535 2697 sapientia,
559 2620 591 2682 et
606 2617 756 2698 scientia,
774 2621 806 2682 et
821 2618 976 2698 cognitio,
993 2617 1060 2682 sive
1077 2616 1209 2694 notitia;

137 2717 288 2801 quoniam
319 2717 491 2800 intelligit,
515 2720 617 2803 sapit,
648 2721 709 2788 scit
737 2727 769 2787 et
797 2721 886 2786 novit
906 2720 1053 2797 Patrem,
1088 2738 1210 2804 nequa·

138 2839 234 2904 quam
257 2840 277 2886 a
300 2823 437 2891 veritate
460 2824 643 2891 disceditur.
677 2825 964 2918 *Veritasxquoque
979 2824 1086 2892 Patris
1109 2825 1209 2907 aptis-

138 2923 218 2990 sime
242 2925 304 2992 dici
324 2932 432 3008 potest
461 2929 577 3010 Filius,
613 2949 676 2997 non
706 2931 807 2996 solum
837 2949 875 2996 eo
906 2915 1021 3010 seusu,
1054 2930 1131 3014 quia
1160 2934 1211 2997 est

139 3030 250 3095 eadem
274 3031 347 3097 Filii
375 3032 495 3101 veritas
524 3053 607 3119 quae
637 3040 688 3102 est
716 3040 750 3102 et
769 3036 892 3117 Patris,
928 3035 1010 3102 sicut
1035 3035 1103 3118 jam
1135 3052 1210 3116 per-

138 3139 283 3214 spectum
305 3142 369 3217 est3
405 3141 581 3208 sedetiam
604 3141 672 3223 hoo²
687 3161 802 3224 sensu,
835 3143 925 3208 utin
950 3161 987 3207 eo
1010 3127 1211 3224 intelligatur

140 3256 204 3304 non
239 3241 428 3323 imperfecta
463 3247 621 3330 quaedam
658 3247 812 3335 imitatio,
845 3247 902 3313 sed
933 3247 1059 3328 integra
1090 3245 1210 3310 ueritas

137 3348 293 3518 {paternae
315 3349 529 3431 substantiae,
562 3352 725 3435 quianon
749 3358 799 3419 est
821 3353 910 3418 aliud
932 3371 1028 3436 quam
1051 3352 1137 3435 qued
1160 3355 1211 3417 est

166 3456 244 3520 ater.
