2684 4546
650 275 692 341 tt

136 447 209 515 erat
232 461 271 507 ex
293 460 357 524 quo
379 441 514 523 fierent,
538 460 602 509 nou
626 446 733 509 umen
757 443 836 509 nihil
852 450 964 527 eraut,
987 453 1144 527 quantum
1165 450 1206 517 ad

133 549 295 643 rationem
317 545 485 628 facientis,
514 564 691 629 perquam
715 554 748 613 et
764 547 945 614 secundum
968 550 1208 632 quantaene

571 718 711 788 CAPUT
735 722 775 787 X.

133 859 214 928 Quod
232 857 280 914 illa
296 859 367 914 ratio
386 858 421 913 sit
440 857 572 927 quaedam
589 873 682 912 rerum
705 858 819 929 locutio,
848 859 920 915 sicut
945 860 1023 916 fabar
1047 860 1115 917 dicit
1131 862 1208 932 priua

359 946 368 959 “
451 943 524 1014 apud
542 959 572 999 se
590 943 663 1012 quod
682 944 803 1000 facturus
821 950 870 1004 est.

134 1050 357 1120 Conspectus
379 1049 520 1117 capitis.
540 1079 573 1089 -
592 1044 934 1106 Formareruminmeute
948 1049 1039 1107 divina
1057 1060 1098 1109 est
1115 1068 1209 1109 earum

206 1137 339 1208 quaedam
357 1137 385 1191 iu
404 1136 464 1205 ipsa
481 1136 588 1189 ratione
599 1134 706 1189 locutio.
731 1135 777 1190 Sic
794 1137 871 1192 faber
891 1153 974 1207 opus,
994 1139 1066 1207 quod
1085 1140 1209 1209 facturus

206 1229 262 1292 est,
289 1223 362 1278 intra
384 1240 415 1278 se
433 1218 507 1277 dicit.
544 1222 611 1278 Rem
637 1238 720 1276 unam
746 1230 836 1278 autem
862 1224 1007 1292 tripliciter
1023 1227 1099 1295 loqui
1115 1244 1208 1298 posan-

206 1327 283 1375 mss:
304 1314 328 1365 1.
346 1311 525 1376 sensibiliter,
545 1309 722 1365 sensibilibus
734 1310 819 1378 signis
837 1312 950 1380 utendo;
967 1315 992 1367 2.
1009 1313 1209 1386 insensibiliter,

206 1398 274 1461 baec
293 1399 370 1468 signa
385 1398 581 1455 insensibiliter
598 1399 670 1452 intra
687 1413 737 1452 nos
756 1397 914 1467 cogitand03
933 1403 958 1452 3.
976 1414 1027 1453 nec
1045 1401 1210 1458 sensibiliter

208 1499 260 1539 nec
279 1484 489 1553 insensibiliter,
507 1500 563 1538 non
582 1484 661 1551 signa
677 1483 724 1538 sed
742 1484 877 1553 res-ipsas
894 1490 985 1540 mente
1000 1485 1123 1552 diceudo.
1158 1488 1210 1560 ldis

206 1571 294 1626 tribus
318 1571 463 1627 locutionis
487 1573 631 1640 generibus
648 1571 754 1640 singula
781 1572 865 1628 verba
890 1574 1062 1631 conveniunt.
1098 1575 1210 1631 Tertiae

207 1644 453 1716 locutionis're'rbs
470 1665 533 1714 sunt
551 1658 700 1728 naturalia,
728 1666 756 1712 et
773 1660 889 1728 proinde
907 1660 1001 1716 eadem
1018 1662 1091 1732 apud
1109 1678 1210 1719 omnes.

208 1744 284 1802 Haec
302 1745 349 1800 ubi
366 1749 442 1814 sunt,
472 1743 577 1800 nullum
596 1743 670 1798 aliud
693 1744 808 1799 verbum
834 1744 876 1799 'est
901 1749 1083 1804 necessarium
1101 1749 1210 1806 adrem

209 1833 435 1904 cognoscendam:
463 1839 491 1888 et
508 1832 641 1887 ubivhaec
659 1847 718 1888 esse
736 1848 791 1886 non
810 1839 936 1902 possunt,
963 1848 1043 1888 omne
1061 1835 1135 1889 aliud
1151 1852 1210 1893 ver·

209 1921 274 1977 bum
284 1929 333 1978 est
351 1920 448 1976 inutile
471 1921 506 1975 ad
529 1936 587 1976 rem
604 1912 846 1977 demonstrandam.
883 1921 974 1978 Verba
990 1923 1129 1981 naturalia
1145 1932 1210 1980 sunt

209 2006 331 2078 veriora,
355 2009 419 2077 quia
435 2010 516 2064 rebus
533 2013 597 2062 suut
613 2009 699 2078 magis
717 2008 821 2064 similia.
858 2009 937 2065 Unde
954 2011 1066 2065 verbum
1083 2015 1209 2071 naturale

208 2103 253 2155 est
275 2097 390 2151 maxime
415 2095 556 2165 proprium
584 2103 611 2150 et
637 2097 787 2165 principale
815 2097 855 2152 rei
882 2096 1004 2154 verbum.
1040 2099 1116 2155 Haec
1142 2117 1208 2171 ergo

210 2183 310 2240 locutio
328 2184 395 2251 luit,
413 2199 467 2251 qua
485 2197 589 2239 summa
607 2184 725 2238 essentia
743 2182 812 2237 dixit
825 2185 937 2252 omnia,
948 2189 1094 2251 autequam
1113 2192 1211 2255 essent,

146 2260 151 2267 ’
208 2279 238 2324 ut
256 2288 306 2340 per
323 2271 397 2326 illam
414 2272 518 2345 fierent,

209 2441 284 2511 ¹Ille
308 2455 415 2512 autem
438 2445 543 2511 forme
564 2463 688 2526 rerum,
725 2463 808 2526 quae
841 2445 875 2510 iu
907 2447 978 2530 ejus
1008 2449 1135 2515 ratione
1157 2468 1210 2516 res

136 2554 295 2618 creandas
318 2552 550 2634 praecedebat,
580 2552 656 2632 quid
680 2550 767 2614 aliud
792 2556 841 2614 est
864 2569 958 2632 quarn
982 2570 1089 2618 rerum
1113 2571 1210 2634 quae·

136 2656 212 2721 dam
236 2657 268 2720 in
292 2659 363 2737 ipsa
385 2658 508 2722 ratione
539 2656 677 2733 locuti03
713 2657 813 2720 veluti
847 2674 918 2721 cum
950 2655 1043 2722 faber
1065 2657 1210 2724 fecturus

136 2762 269 2844 aliquod
293 2781 371 2827 suae
394 2762 474 2828 artis
496 2780 594 2843 opus,
617 2761 715 2842 prius·
724 2759 804 2824 illud
828 2759 914 2836 intra
937 2779 972 2826 se
995 2761 1072 2827 dicit
1093 2761 1210 2827 mentis

135 2866 373 2946 conceptione?
410 2867 529 2932 Mentis
553 2871 660 2932 eutem
690 2865 757 2930 sive
790 2865 924 2934 rationis
946 2866 1136 2933 locutionem
1160 2866 1213 2934 hic

132 2970 302 3047 intelligo,
327 2988 389 3034 non
414 2990 484 3036 cum
507 2989 600 3058 voces
626 2988 733 3045 rerum
758 2969 989 3049 significativae
1012 2972 1209 3051 cogitantur3
1236 3012 1244 3027 ,

133 3073 197 3155 sed
221 3074 292 3137 c‘um
317 3089 368 3136 res
392 3074 499 3155 ipsae,
523 3074 746 3153 cellaturae,
780 3073 828 3139 ael
853 3074 922 3155 jam
945 3075 1120 3140 existentes
1143 3074 1211 3139 acie

134 3177 343 3258 cogitationis
373 3178 415 3243 in
436 3182 544 3242 mente
578 3178 829 3260 conspiciuntur.
875 3179 1049 3262 Freqneuti
1072 3164 1212 3262 namque

133 3301 199 3349 usu
215 3283 427 3364 cognoscitur,
451 3284 526 3366 quie
542 3295 610 3349 rem
625 3302 723 3349 unam
747 3283 915 3365 tripliciter
929 3283 1016 3366 loqui
1024 3285 1209 3362 'possumus

136 3388 300 3477 dutenim
311 3386 532 3472 res'loquimur
548 3389 647 3470 signis
670 3389 892 3473 sensibilibus,
902 3388 936 3453 id
949 3392 999 3453 est
1013 3406 1095 3471 quae
1109 3387 1210 3453 seusi-

137 3494 199 3558 bus
209 3494 371 3574 corporeis
383 3495 495 3558 sentiri
506 3498 650 3576 possunt,
664 3493 860 3560 sensibiliter
875 3492 1012 3570 utend03
1031 3495 1087 3558 aut
1098 3493 1210 3557 eadem

139 3598 243 3678 signe,
262 3614 345 3680 quae
361 3596 438 3662 foris
454 3580 619 3663 sensibilia
638 3605 722 3678 sunt,
741 3599 827 3662 intra
843 3615 901 3662 uos
917 3596 1147 3662 insensibiliter
1158 3614 1210 3660 co

141 3701 288 3781 gitaud0;
313 3708 369 3767 aut
393 3720 453 3767 uec
475 3702 687 3782 sensibiliter,
712 3720 772 3768 nec
794 3701 1022 3766 insensibiliter
1044 3699 1094 3764 his
1110 3698 1210 3779 signis

140 3805 276 3887 utendo,
310 3806 444 3872 scd'rcs
466 3805 573 3886 ipsas,
608 3804 658 3870 vel
687 3824 854 3886 corporum
883 3804 1129 3885 imaginatione,
1158 3805 1209 3868 vel

140 3909 272 3974 rationis
294 3909 481 3988 intellectu,
510 3928 568 3991 pro
592 3927 700 3976 rerum
722 3911 865 3991 ipsarum
888 3909 1090 3989 diversitate,
1121 3909 1210 3974 iutus

140 4015 173 4080 in
197 4020 308 4079 nostra
330 4021 438 4080 mente
461 4015 607 4082 diceudo.
652 4016 755 4082 Aliter
785 4020 924 4098 nemque
945 4014 1109 4079 hominem·
1130 4013 1210 4093 dico,

953 4121 1002 4184 2*
