2684 4546
568 275 696 336 -dt

79 442 95 483 ‘¹
140 445 263 528 singuli
282 442 371 523 Filii,
394 441 437 506 sit
457 439 636 522 perfeetum
660 459 732 507 esse
754 442 911 523 spiritum.
942 443 995 511 Sic
1016 453 1093 514 sunt
1114 468 1213 532 oppo-

141 549 197 616 siti
219 547 448 626 relationibus,
483 552 521 611 ut
552 547 635 611 alter
668 565 833 630 nunquam
865 550 1020 630 suscipiet
1047 556 1212 635 proprium

141 654 293 731 alterius;
316 650 449 717 sic‘sunt
464 652 638 717 concordes
656 659 782 731 natura,
799 656 836 717 ut
849 652 931 718 alter
953 673 1081 738 semper
1102 664 1214 725 teneat

141 759 318 826 essentiam
350 755 493 822 alterius.
555 755 607 821 Sic
643 757 729 820 enim
769 757 889 822 diversi
925 764 1019 839 sunt,
1056 778 1116 841 per
1153 763 1214 828 hoe

140 863 227 948 qnod
265 862 349 927 alter
386 866 436 927 est
471 860 588 940 Pater,
627 866 660 927 et
698 861 782 927 alter
819 862 937 943 Filius,
975 869 1012 929 ut
1048 883 1212 948 uunquam

141 971 268 1039 meatur
304 971 362 1033 aut
397 966 496 1030 Peter
532 966 653 1046 Filius,
697 973 755 1031 eut
801 966 901 1031 Filius
938 953 1052 1047 Pater3
1098 976 1131 1033 et
1167 970 1213 1037 sie
1273 1024 1276 1028 .

140 1074 226 1140 idem
264 1075 341 1136 sunt
376 1086 436 1150 per
473 1069 700 1150 substantiam,
742 1075 779 1136 ut
815 1088 943 1153 semper
975 1074 1018 1138 sit
1049 1076 1083 1140 in
1114 1075 1221 1140 Patre·

141 1178 283 1245 ‘essentia
319 1175 409 1253 Filii,
453 1180 486 1239 et
516 1174 548 1238 in
585 1174 667 1240 Filio
698 1176 840 1240 essentia
876 1177 991 1242 Patris.
1036 1179 1096 1243 Est
1128 1182 1214 1247 euim

140 1296 207 1348 uon
241 1281 384 1360 diversa,
419 1279 477 1343 sed
507 1278 635 1357 eadem3
671 1298 735 1344 non
765 1280 892 1361 plures,
926 1282 983 1347 sed
1007 1301 1073 1349 una
1092 1286 1212 1351 utrius·

141 1384 206 1469 quie
227 1386 379 1452 essentia.

540 1610 678 1677 CAPUT
700 1610 814 1677 XLIV.

401 1746 538 1814 Quomodo
556 1746 627 1803 alter
643 1748 754 1803 alterins
772 1747 809 1802 sit
826 1749 954 1805 essentia

140 1869 358 1940 Conspectus
385 1869 522 1938 eapitis
552 1900 587 1911 -
614 1868 695 1925 Alter.
716 1869 829 1935 alterium
855 1872 974 1927 essentia
991 1880 1070 1931 reete
1093 1875 1148 1931 diei
1164 1890 1211 1944 po

165 1951 170 1957 ’
210 1964 282 2029 test,
308 1965 339 2014 ut
365 1972 469 2013 summa
487 1957 576 2012 unitas
590 1956 808 2029 ¹simplicitasque
833 1959 1037 2015 commendetur
1063 1964 1212 2019 communis

210 2053 333 2100 naturae.
367 2046 430 2102 Non
448 2051 539 2101 tamen
558 2045 657 2100 dieitur
673 2046 755 2101 Pater
779 2048 898 2103 essentia
915 2048 990 2118 Filii,
1020 2055 1048 2106 et
1064 2050 1152 2107 Filius
1169 2067 1209 2108 es·

209 2134 298 2189 sentia
314 2135 421 2204 Patris;
450 2134 527 2202 quasi
544 2134 614 2188 alter
631 2149 685 2187 non
702 2149 753 2202 por
770 2149 812 2203 se,
830 2135 878 2190 sed
896 2151 945 2204 per
962 2137 1077 2191 aiterum
1095 2140 1209 2194 existat:

209 2234 314 2275 summa
331 2223 403 2276 enim
419 2221 541 2276 essentia
558 2236 664 2289 semper
681 2227 722 2275 est
740 2237 789 2288 per
806 2236 850 2291 se,
867 2222 938 2276 ιιιιιι
954 2238 1059 2277 summa
1075 2226 1211 2293 sapientis

197 2324 315 2379 semper
332 2311 407 2380 sapit
422 2326 472 2379 per
489 2324 527 2364 se.
563 2309 643 2365 Unde
660 2309 743 2363 Pater
761 2324 811 2378 per
828 2324 857 2364 ae
875 2316 930 2378 est,
955 2317 984 2365 et
1002 2310 1106 2378 pariter
1124 2311 1212 2366 Filius

112 2436 115 2440 -
207 2412 258 2466 per
276 2415 305 2453 se
323 2404 382 2466 est;
411 2397 476 2466 quia
492 2396 576 2451 Pater
600 2403 642 2452 est
669 2412 774 2451 summa
798 2397 929 2467 essentia,
957 2405 985 2452 et
1002 2397 1108 2466 pariter
1123 2399 1212 2455 Filius

79 2537 95 2549 ,
178 2547 181 2551 ,
209 2490 250 2538 est
267 2498 373 2541 summa
391 2483 515 2539 essentia.
550 2481 639 2537 Filius
663 2482 772 2551 quidem
791 2490 832 2538 est
850 2484 969 2539 essentia
988 2492 1052 2540 nata
1070 2486 1102 2541 de
1120 2486 1210 2542 Patris

207 2571 339 2642 essentie,
357 2576 385 2626 et
403 2569 536 2639 sapientia
555 2568 589 2625 de
608 2570 757 2639 sepientia3
782 2570 829 2625 sed
854 2587 907 2626 non
924 2571 1025 2628 ideireo
1042 2574 1131 2629 minus
1149 2591 1210 2643 per·

207 2658 278 2714 fecta
296 2665 351 2728 est,
379 2658 553 2713 nihilominus
578 2659 651 2713 enim
668 2660 729 2728 ipse
754 2675 804 2727 per
830 2673 860 2713 se
889 2665 943 2729 est,
971 2665 999 2714 et
1016 2676 1065 2728 per
1082 2676 1111 2716 se
1129 2654 1208 2731 sapit.

208 2745 267 2801 Nee
284 2754 427 2816 repugnat,
445 2745 517 2815 quod
534 2747 621 2802 Filius
639 2753 667 2801 et
683 2762 733 2816 per
750 2762 780 2802 se
797 2746 940 2816 subsistat,
964 2754 993 2803 et
1011 2751 1044 2806 de
1061 2751 1145 2807 Patre
1162 2752 1209 2808 ha·

206 2833 270 2889 beat
287 2849 354 2890 esse.
380 2834 452 2890 Nam
469 2849 486 2888 a
503 2834 584 2890 Patre
601 2833 693 2903 habet,
713 2841 743 2888 ut
761 2850 811 2903 per
827 2849 858 2889 se
882 2836 918 2889 sit
935 2841 962 2891 et
984 2853 1035 2905 per
1052 2852 1081 2893 se
1103 2839 1208 2907 sapiat3

208 2917 329 2986 alioquin
347 2937 402 2975 non
419 2927 490 2976 esset
511 2921 582 2977 idem
606 2937 666 2978 esse
683 2922 773 2977 Patris
799 2927 827 2976 et
850 2922 924 2977 Filii.
959 2924 1084 2994 Denique
1101 2926 1210 2995 utrique

209 3021 264 3058 non
282 3005 358 3060 aliud
377 3013 419 3062 est
444 3008 544 3064 habere
573 3010 734 3076 essentiam,
761 3025 841 3079 quem
865 3011 1011 3066 essentiam
1030 3027 1096 3068 esse.
1133 3013 1209 3081 Ergo

209 3091 279 3147 sient
296 3091 378 3147 habet
401 3093 471 3148 aiter
494 3086 604 3150 alter-ias
632 3097 794 3166 essentiam3
821 3098 860 3152 ita
888 3098 959 3151 alter
977 3104 1020 3153 est
1037 3098 1149 3154 alterius
1168 3113 1208 3155 es·

207 3178 309 3250 sentia,
327 3181 379 3235 hoe
397 3187 455 3250 est,
472 3180 547 3236 idem
567 3197 626 3239 esse
644 3188 687 3239 est
704 3182 795 3255 alteri,
812 3184 886 3253 qnod
904 3192 946 3240 est
962 3186 1051 3242 alteri.
1150 3183 1157 3197 ’

225 3356 321 3422 Unde
343 3358 440 3423 etiam
463 3358 491 3423 si
520 3358 604 3423 alter
633 3360 765 3426 alterius
794 3328 924 3427 dicatur
950 3361 1108 3441 essentia,
1144 3381 1207 3428 non

68 3525 79 3535 ,
135 3465 264 3526 erratur
286 3481 307 3528 a
327 3462 485 3542 veritate3
508 3464 566 3530 sed
588 3481 713 3529 summa
727 3465 835 3530 unitas
850 3464 1100 3549 simplicitasque
1124 3484 1207 3532 oom-

135 3566 309 3630 mendatur
331 3567 506 3633 eommunis
529 3572 675 3634 naturae.
720 3567 792 3633 Non
824 3568 909 3633 enim
938 3569 1207 3650 quemadmodum

50 3716 64 3751 ‚-
135 3670 325 3753 intelligitur
355 3670 514 3755 sapientia
543 3673 697 3753 hominis,
728 3690 788 3754 per
820 3690 917 3755 quam
949 3674 1044 3739 homo
1076 3673 1207 3752 sapiens

136 3779 203 3856 est,
236 3777 291 3859 qui
321 3790 380 3859 per
409 3794 445 3843 se
473 3794 538 3842 non
568 3782 677 3858 potest
707 3793 778 3842 esse
808 3777 957 3858 sapiens3
990 3777 1036 3842 ita
1068 3773 1207 3854 intelligi

134 3884 258 3960 potest,
280 3882 308 3946 si
330 3883 455 3949 meatur
476 3881 575 3947 Pater
598 3881 738 3947 essentia
759 3881 849 3961 Filii,
880 3884 914 3945 et
942 3880 1042 3945 Filius
1064 3879 1206 3945 essentia

134 3981 259 4066 Patris,
293 3991 329 4050 ut
361 3987 519 4053 eomodo
550 3985 594 4051 sit
615 3986 716 4051 Filius
747 3985 889 4051 existens
920 4001 980 4064 per
1002 3984 1149 4064 Patrem,
1172 3986 1206 4049 ot

945 4087 994 4151 5*
1249 4080 1256 4091 ⁸
