2684 4546
634 240 694 305 106

501 440 640 559 cucur
662 491 840 559 narnus.

133 635 272 692 Excitatio
284 631 384 688 mentis
394 630 428 684 ad
440 629 676 699 contemplandum
688 635 783 685 Deum.
803 660 832 669 —
855 629 957 700 Abjicit
970 646 1050 688 curas
1067 636 1096 688 et
1113 634 1205 690 omnia

139 759 145 769 .
202 728 313 792 praeter
331 718 419 774 Deum
438 716 572 787 excludit,
590 723 622 771 ιιι
638 717 725 771 Deum
745 722 867 785 quaerat.
902 717 990 774 Homo
1008 718 1043 773 ed
1060 719 1205 776 videndum

202 809 291 863 Deum
302 807 391 862 factus
408 810 458 859 est.
480 804 567 859 Homo
585 819 700 872 peccans
718 803 838 872 perdidit
855 804 1057 873 beatitudinem,
1075 805 1205 877 adquam

136 903 140 909 “
199 895 288 950 factus
315 897 370 961 est,
397 896 424 946 et
442 890 546 946 inuenit
564 890 712 957 miseriam,
744 893 855 958 propter
879 904 959 958 quam
976 890 1065 946 factus
1082 907 1137 946 non
1154 895 1205 947 est.

201 982 307 1034 Bonum
326 995 380 1033 non
398 976 555 1045 custodivit,
584 992 646 1030 cum
672 975 752 1030 facile
778 980 879 1044 posset.
916 976 978 1032 Sine
998 977 1056 1033 Deo
1075 979 1144 1033 male
1162 983 1206 1034 e'st

202 1066 288 1121 nobis.
325 1063 445 1118 Labores
469 1067 497 1116 et
520 1066 633 1115 conatus
658 1061 745 1116 nostri
763 1066 828 1116 sunt
845 1060 916 1116 irriti
934 1063 993 1118 sine
1013 1065 1079 1120 Deo.
1115 1065 1206 1121 Deum

201 1152 282 1205 bomo
301 1165 432 1218 quaerere
449 1165 505 1204 non
523 1153 627 1219 potest,
646 1148 699 1203 nisi
717 1149 775 1217 ipse
795 1147 906 1219 doceat;
930 1162 980 1206 nec
997 1151 1135 1222 invenire,
1152 1152 1206 1209 nisi

202 1240 309 1309 ipsese
333 1236 464 1293 ostendat.
500 1236 576 1292 Dens
600 1237 736 1305 bominem
764 1236 866 1291 creauit
890 1236 925 1291 ad
950 1237 1095 1308 imaginem
1120 1255 1205 1310 suam,

202 1331 232 1381 ut
250 1325 292 1381 sui
310 1329 412 1380 memor
428 1324 479 1394 sit,
500 1324 591 1394 ipsum
617 1323 719 1392 cogitet
742 1328 769 1377 et
786 1323 875 1391 ipsum
893 1329 985 1379 amet·
1011 1325 1099 1382 Homo
1117 1325 1207 1381 fidelis

202 1428 256 1466 non
275 1413 382 1481 quaerit
399 1409 558 1481 intelligere,
577 1414 609 1464 ut
622 1409 733 1478 credat;
752 1408 799 1465 sed
812 1408 911 1478 credit,
931 1417 962 1466 ut
976 1411 1123 1481 intelligat:
1142 1413 1207 1482 quia

202 1497 256 1555 nisi
274 1499 432 1568 crediderit,
451 1514 505 1554 non
522 1495 662 1566 intelliget.

220 1674 281 1741 Eia
295 1692 380 1739 nunc
395 1671 580 1752 homuncio,
605 1664 681 1751 fuge
696 1670 864 1753 paululum
880 1676 1106 1754 occupationes
1122 1681 1206 1756 tuas,

134 1776 297 1846 abscondo
328 1781 361 1843 te
393 1777 551 1842 modicum
574 1795 594 1841 a
623 1775 830 1843 tumultuosis
859 1777 1104 1855 cogitationibus
1133 1779 1207 1844 tuis.
1249 1791 1251 1795 ‘

134 1882 247 1965 Abjice
267 1900 355 1948 nuno
377 1898 532 1948 onerosas
556 1898 664 1960 curas,
698 1886 731 1944 et
750 1885 911 1967 gostpone
942 1881 1120 1964 laboriosas
1144 1884 1208 1949 dis·

133 1988 296 2053 tensiones
330 1991 413 2051 tuas.
465 1986 554 2053 Vsca
593 1983 831 2066 aliquantulum
862 1985 951 2092 Deo,
981 1991 1014 2051 et
1042 1987 1208 2069 requiesce

132 2091 366 2173 aliquantulum
399 2092 433 2157 iu
462 2109 509 2159 eo.
554 2091 646 2157 Intra
680 2091 713 2155 in
749 2090 929 2157 cubiculum
958 2092 1079 2158 mentis
1113 2097 1207 2172 tuae;

103 2272 106 2277 ,
133 2196 267 2270 exclude
290 2199 397 2263 omnia
417 2200 549 2280 praeter
570 2196 693 2277 Deum,
716 2200 847 2279 atquae
863 2199 896 2261 te
915 2196 1031 2279 juvent
1052 2197 1093 2262 ad
1108 2215 1207 2281 quae·

34 2317 42 2327 ·
86 2368 89 2373 ,
131 2301 267 2371 rendum
305 2320 394 2384 eum,
428 2308 461 2368 et
494 2302 602 2368 clauso
637 2301 718 2366 ostio
748 2318 868 2382 quaere
900 2319 981 2367 eum.
1026 2301 1207 2384 Blandus,

131 2411 235 2472 totum
258 2424 313 2474 cor
335 2425 458 2487 meum,
492 2407 544 2473 dic
572 2423 658 2470 nunc
680 2404 766 2470 Deo:
800 2405 928 2482 Quaero
950 2403 1074 2470 vultum
1097 2411 1207 2485 tnum3

131 2510 254 2576 vultum
286 2516 391 2592 tmen,
422 2511 578 2591 Domine,
611 2510 740 2593 requiro
776 2509 880 2590 (Psoi.
903 2521 1009 2588 XXVI,
1044 2507 1088 2594 8).
1146 2511 1209 2576 Eia

133 2632 219 2680 nuno
252 2632 344 2696 ergo,
376 2621 411 2680 tu
441 2615 578 2680 Domine
601 2612 691 2678 Deus
713 2628 820 2690 meus,
845 2611 923 2677 doce
946 2630 1000 2677 cor
1023 2632 1128 2679 meum
1151 2615 1207 2681 nbi

133 2721 166 2784 et
188 2717 345 2800 quomodo
368 2722 400 2784 te
423 2722 575 2800 quaerat,
598 2716 654 2781 ubi
676 2719 709 2781 et
732 2714 889 2797 quomodo
913 2719 946 2780 te
960 2716 1113 2782 inveniat.
1143 2717 1208 2783 Do·
1260 2720 1266 2745 ⁸

131 2824 235 2904 mine,
259 2824 287 2890 si
311 2841 376 2889 non
399 2842 433 2889 es
455 2823 523 2903 hic,
547 2821 602 2887 ubi
618 2826 651 2886 te
667 2836 821 2902 quaeram
837 2819 1027 2900 absentem?
1050 2818 1084 2885 Si
1099 2824 1207 2887 autem

20 2930 23 2941 '
132 2927 250 3007 ubique
273 2945 324 3011 es,
347 2946 404 2993 cur
427 2944 492 2992 non
514 2923 606 2992 video
630 2927 663 2990 te
684 2922 915 3004 praesentem?
951 2922 1015 2990 Sed
1040 2928 1127 2990 certe
1148 2925 1208 2990 ha·

131 3030 214 3097 bitas
236 3031 340 3098 lucem
363 3029 625 3099 inaccessibilem.
675 3029 718 3093 Et
739 3028 794 3093 ubi
818 3032 868 3093 est
889 3028 943 3093 lux
965 3027 1207 3108 inaccessibilis,

132 3140 189 3201 aut
211 3135 369 3218 quomodo
393 3135 541 3201 accedam
563 3134 606 3198 sd
628 3133 732 3200 lucem
748 3132 1025 3200 inaccessibilem?
1048 3134 1114 3200 Aut
1135 3133 1208 3217 quis

132 3259 184 3306 me
206 3241 315 3320 ducet,
350 3242 383 3303 ct
414 3239 544 3304 inducet
575 3237 610 3301 in
642 3237 745 3321 illam,
776 3242 812 3303 ut
844 3237 969 3304 videam
997 3241 1030 3302 tc
1059 3236 1094 3300 in
1123 3236 1207 3319 illa?

132 3343 255 3409 Deinde
287 3342 403 3423 quibus
426 3340 547 3422 signis,
581 3358 645 3421 qua
667 3339 749 3407 faeie
771 3348 804 3407 te
826 3342 1005 3424 quaeram?
1033 3344 1207 3424 Nunquam

132 3450 165 3511 te
187 3444 269 3525 vidi,
291 3445 429 3511 Domine
444 3444 534 3511 Deus
549 3461 657 3522 meus3
680 3462 745 3511 non
768 3446 844 3510 novi
865 3445 979 3513 faciem
994 3451 1092 3513 tuam.
1122 3446 1207 3525 Quid

132 3547 246 3630 faciet,
269 3549 424 3617 altissime
440 3549 587 3632 Domine,
610 3548 687 3632 quid
710 3547 808 3618 faciet
829 3550 892 3616 iste
914 3556 990 3618 tuus
1012 3551 1207 3634 longinquus

133 3654 248 3721 exsul?
288 3654 372 3734 Quid
407 3654 505 3725 faciet
537 3672 650 3722 servus
681 3659 758 3721 tuns
792 3656 909 3722 anxius
937 3675 1046 3723 amore
1074 3656 1140 3736 tui,
1175 3658 1209 3720 et

132 3737 228 3842 longe'
248 3759 411 3843 projectus
435 3776 456 3824 a
477 3756 559 3825 facie
581 3757 664 3824 tna?
701 3757 844 3825 Anhelat
867 3758 977 3826 uidere
1000 3765 1035 3826 te
1056 3763 1089 3825 et
1111 3758 1206 3826 nimis

133 3865 226 3930 abest
247 3864 294 3938 illi
316 3863 416 3933 facies
438 3868 504 3930 tua
525 3882 528 3887 ’
551 3862 712 3942 Accedere
735 3865 776 3950 ad
799 3866 832 3929 te
855 3862 1033 3945 desiderat,
1065 3865 1100 3929 et
1119 3861 1206 3930 inac-

134 3968 288 4038 cessibilis
312 3975 362 4038 est
383 3967 538 4038 habitatio
560 3971 627 4034 tua.
670 3967 821 4041 Invenire
842 3972 876 4034 te
903 3967 1008 4052 cupit,
1039 3972 1074 4036 et
1103 3967 1208 4035 nescit
