2684 4546
657 240 807 301 45·

139 402 191 467 rel
213 400 348 484 intelligi
371 404 561 471 variabilis?
599 406 641 471 Et
675 426 693 471 e
727 412 839 473 contra
872 411 1031 491 quomodo
1065 430 1129 479 nou
1163 419 1214 481 est
1245 448 1266 486 ο.

139 505 303 586 particeps
327 507 519 587 accidentis3
552 530 622 577 cum
648 518 680 576 et
702 511 761 578 hoc
783 514 907 594 ipsum,
930 516 1016 597 quod
1038 518 1140 601 major
1163 523 1213 585 est

140 610 289 676 omuibus
313 610 384 675 aliis
417 616 557 692 naturis,
594 621 627 681 et
657 616 740 696 quod
774 616 837 681 illis
872 618 1034 686 dissimilis
1067 627 1133 701 est,
1165 622 1213 688 illi

139 716 291 782 videatur
312 715 483 801 accidere?
507 718 571 785 Sed
595 718 671 800 quid
686 726 871 801 repugnant
885 727 1105 806 quorumdam,
1130 745 1213 809 quae

139 820 318 905 accidentia
347 820 512 902 dicuntur,
546 824 812 905 susceptibilitas,
845 813 1063 894 et'naturalis
1093 830 1212 896 incom-

139 924 355 1002 mutabilitas;
389 924 415 990 si
446 944 484 989 ex
508 946 617 991 eorum
642 925 862 1009 assumptione
887 930 975 996 nulla
998 933 1212 998 substantiam

139 1035 357 1110 consequatur
379 1029 601 1096 variabilitas?
625 1033 773 1098 Omnium
792 1035 920 1115 quippe,
936 1054 1020 1119 quae
1036 1037 1213 1104 accidentia

139 1133 309 1213 dicuntur,
341 1132 491 1197 alienon
517 1134 578 1198 nisi
612 1153 683 1200 cum
718 1136 826 1217 aliqua
855 1139 1077 1220 participantis
1107 1142 1212 1206 varia÷

138 1238 226 1305 tione
251 1238 365 1303 adesse
389 1241 422 1301 et
444 1238 557 1303 abesse
579 1257 675 1318 posse
699 1238 939 1322 intelliguntur,
968 1248 1006 1308 ut
1026 1263 1137 1310 omnes
1160 1265 1211 1311 co·

141 1340 244 1421 lores3
279 1340 342 1406 alia
366 1343 495 1408 omnino
519 1343 640 1408 nullam
664 1345 714 1410 vel
737 1345 919 1411 accedendo
950 1345 1002 1411 vel
1032 1349 1211 1415 recedendo

139 1446 351 1512 mutationem
375 1446 459 1512 circa
481 1449 514 1512 id
538 1449 664 1531 dequo
689 1449 856 1530 dicuntur,
887 1447 1012 1516 efficere
1036 1457 1212 1517 noscuntur

137 1556 174 1616 ut
208 1546 366 1632 quaedam
403 1551 586 1618 relationes.
632 1553 766 1618 Constat
789 1573 946 1636 namque,
981 1555 1056 1636 quia
1088 1555 1211 1621 bomini

137 1661 212 1736 post
236 1674 357 1720 anuum
380 1662 584 1737 praesentem
601 1658 781 1736 nascituro,
806 1677 866 1725 nec
881 1658 998 1741 major,
1025 1678 1083 1724 uec
1098 1660 1212 1740 minor,

139 1777 199 1825 nec
221 1759 366 1840 aequalis
388 1760 466 1838 sim,
501 1779 559 1826 nec
582 1760 702 1826 similis.
747 1761 869 1827 Omnes
898 1767 1006 1829 autem
1037 1763 1211 1830 relationes

138 1862 215 1942 bas,
240 1862 352 1944 utique
376 1881 445 1928 cum
471 1870 567 1928 natus
589 1862 707 1943 luerit,
739 1864 809 1929 sine
832 1865 917 1930 omui
941 1866 1002 1931 mci
1024 1868 1212 1949 mutatione,

137 1966 179 2033 ad
201 1965 293 2032 illurn
315 1966 433 2032 habere
455 1974 567 2047 potero
584 1973 618 2032 et
632 1968 795 2050 amittere,
819 1968 995 2034 secundum
1018 1971 1103 2053 quod
1126 1991 1212 2039 cres·

139 2076 209 2151 cet,
233 2072 284 2138 vel
306 2091 366 2154 per
389 2072 562 2154 qualitates
585 2075 730 2140 diversas
753 2075 938 2142 mutabitur.
969 2075 1078 2147 Palam
1102 2076 1211 2159 itaque

137 2174 193 2258 fit,
217 2176 293 2259 quia
316 2195 424 2242 eorum
449 2195 533 2258 quae
557 2160 736 2243 accidentia
769 2178 934 2259 dicuntur,
969 2182 1127 2260 quaedam
1151 2182 1209 2245 ali·

137 2266 297 2365 quatenus
337 2281 503 2346 attrahant
552 2282 884 2363 commutabilitatem,
935 2283 1093 2364 quaedam
1132 2302 1208 2349 vero

139 2387 325 2452 nullatenus
357 2385 550 2451 subtrahant
584 2386 944 2452 incommutabilitatem.
991 2387 1082 2453 Sicut
1096 2387 1208 2467 igitur

136 2507 261 2556 summa
283 2495 400 2557 natura
423 2488 642 2555 accidentibus
665 2480 873 2555 mutationem
891 2489 1103 2558 efficientibus
1126 2510 1209 2557 nun-

137 2610 233 2676 quam
256 2595 288 2659 iu
312 2612 371 2660 sua
394 2593 597 2675 simplicitate
620 2593 724 2659 locum
740 2593 868 2672 tribuit;
892 2595 937 2660 sic
960 2596 1208 2676 secunduma,

136 2717 221 2783 quae
257 2700 442 2766 nullatenus
480 2716 644 2783 summae„
667 2698 980 2764 incommutabilitati
1017 2705 1208 2782 repugnant,

135 2804 310 2888 aliquando
335 2805 396 2870 dici
412 2803 534 2885 aliquid
551 2822 614 2883 non
642 2803 780 2884 respuit,
808 2807 840 2867 et
863 2808 970 2868 tamen
993 2803 1114 2887 aliquid
1137 2805 1208 2888 ejus

134 2910 313 2988 essentiae,
336 2910 422 2975 unde
450 2909 522 2989 ipsa
551 2907 716 2974 variabilis
744 2906 882 2986 intelligi
913 2909 1031 2989 possit,
1063 2929 1125 2975 nou
1156 2928 1207 2976 ac·

134 3012 221 3079 cidit.
267 3009 361 3076 Unde
394 3011 454 3077 boc
487 3031 614 3095 quoque
649 3012 794 3078 concludi
827 3015 950 3092 potest,
981 3013 1058 3094 quia
1089 3013 1208 3078 nullius

134 3113 312 3183 accidentis
350 3115 563 3195 susceptibilis
601 3120 665 3180 cst:
700 3114 819 3196 quippe
851 3115 1119 3196 quemadmodum
1154 3117 1210 3182 illa

134 3218 331 3298 accidentia,
364 3237 447 3302 quae
470 3219 679 3284 mutationem
708 3219 849 3302 aliquam
879 3219 1060 3302 accedendo
1083 3222 1133 3288 vel
1157 3241 1207 3289 re·

136 3325 279 3392 cedendo
302 3323 441 3404 faciunt,
464 3324 534 3406 ipso
558 3342 615 3390 suo
634 3324 750 3391 effectu
764 3344 840 3392 vere
864 3325 1008 3392 accidere
1032 3326 1087 3405 rei,
1111 3344 1207 3407 quam

135 3432 277 3507 mutant,
312 3427 576 3509 perpenduntur;
610 3428 656 3494 sic
690 3428 764 3507 illa,
798 3447 882 3511 quae
911 3448 930 3494 a
964 3428 1057 3495 simili
1092 3428 1207 3496 effectu

136 3533 303 3614 deficiunt,
327 3533 501 3614 improprie
519 3533 581 3598 dici
597 3533 776 3599 accidentia
791 3533 1087 3614 deprehenduntur.
1118 3534 1208 3600 Sicut

135 3637 232 3719 igitur
255 3656 382 3718 semper
412 3636 472 3701 sibi
506 3641 556 3702 est
585 3637 766 3703 omnimodo
799 3641 908 3708 eadem
941 3638 1206 3718 substantialiter,

135 3741 180 3808 ita
204 3761 367 3825 uunquam
392 3746 441 3806 est
463 3760 483 3807 a
506 3759 540 3806 se
566 3740 694 3806 diversa
716 3741 782 3807 ullo
805 3744 916 3824 modo,
949 3745 996 3809 vel
1026 3743 1206 3808 accidenta-

134 3845 216 3911 liter.
250 3846 313 3912 Sed
336 3864 464 3930 quoquo
488 3845 582 3910 modo
605 3854 676 3911 s'esc
703 3847 819 3913 habeat
841 3849 923 3914 ratio
947 3847 987 3912 de
1009 3847 1206 3929 proprietate

135 3949 275 4016 nominis
299 3950 527 4031 accidentium,
559 3948 640 4015 illud
672 3949 742 4016 sine
766 3949 862 4019 dubio
892 3969 1002 4017 uerum
1035 3955 1099 4032 est,
1130 3951 1206 4033 quia
