2684 4546
651 303 692 365 38

136 476 285 555 teritum,
321 492 496 560 praesens,
531 477 564 539 et
596 473 748 541 futurum.
795 474 839 537 At
880 471 964 554 quod
997 470 1211 552 praeteritum

42 621 47 635 ι
137 587 204 662 εει,
234 587 373 647 nonest
402 596 558 663 praesens
593 578 643 643 vel
679 576 840 655 futurum
873 582 905 642 et
938 577 1022 659 quod
1052 592 1211 658 praesens
1243 630 1251 639 .

138 692 203 768 εει,
227 705 291 765 non
314 691 364 752 est
385 683 611 766 praeteritum,
636 700 695 747 nee
717 679 877 758 lutnrum3
902 685 934 745 et
958 679 1043 763 quod
1066 678 1210 746 futurum

137 797 203 870 est,
227 808 291 854 non
316 793 366 854 est
386 788 614 872 praeteritum,
646 786 698 851 vel
727 795 893 868 praesens.
939 785 1104 864 Quomodo
1135 804 1211 866 ergo

105 895 254 977 ,stabit‚
289 894 374 978 quod
406 911 506 974 supra
538 890 721 957 rationabili
745 893 777 956 et
806 889 979 972 perspicua
1016 890 1211 955 necessitate

137 997 271 1075 claruit,
302 997 439 1077 scilicet,
472 997 548 1079 quia
569 995 627 1060 illa
650 1013 775 1059 summa
798 999 915 1059 natura
940 995 1145 1060 nullomodo
1169 995 1211 1060 sit

137 1100 331 1181 composita,
355 1101 413 1165 sed
436 1116 559 1164 summe
581 1098 717 1179 simplex
734 1103 766 1163 et
781 1115 905 1163 summe
925 1098 1210 1177 incommutabilis,

56 1197 64 1209 “
137 1205 165 1271 si
189 1204 277 1270 alind
302 1210 335 1270 et
357 1193 519 1270 aliud'est
541 1204 574 1268 in
598 1203 734 1268 diversis
757 1203 972 1285 temporibus,
996 1208 1029 1268 et
1050 1220 1109 1284 per
1131 1207 1211 1268 tern-

137 1309 432 1392 pora'distributas
464 1308 563 1374 habet
593 1313 717 1390 pertes3
748 1312 804 1372 aut
836 1307 960 1389 potius,
990 1308 1018 1372 si
1047 1308 1212 1374 illavero

137 1420 230 1493 sunt3
264 1414 328 1480 imo
352 1407 427 1498 qnia
449 1412 571 1496 liquido
596 1429 672 1476 vera
695 1416 789 1488 sunt,
814 1398 971 1494 quomodo
1001 1411 1080 1477 haec
1107 1412 1210 1493 possi·

137 1517 216 1584 bilia
253 1517 356 1582 sunt?
393 1517 490 1610 Nullo
523 1516 622 1595 igitur
654 1515 747 1581 modo
782 1517 921 1584 creatrix
958 1517 1115 1596 essentia,
1154 1524 1212 1582 aut

134 1626 246 1706 aetas,
271 1626 328 1685 aut
349 1621 525 1686 aeternitas
541 1621 612 1703 ejus
627 1621 741 1706 recipit
754 1623 966 1702 praeteritum
982 1621 1032 1686 vel
1057 1619 1209 1687 futurum.
1225 1702 1228 1713 Ι

136 1724 296 1791 Praesens
320 1724 403 1789 enim
435 1724 592 1808 quomodo
624 1742 687 1789 non
719 1725 837 1804 habet,
869 1725 895 1789 si
930 1742 1006 1790 vere
1041 1724 1118 1790 est?
1152 1725 1211 1790 sed

138 1826 217 1908 tuit,
240 1827 400 1908 signifieat
421 1829 649 1911 praeteritum
681 1833 713 1894 et
737 1829 815 1911 erit,
839 1828 992 1895 futurum.
1036 1827 1209 1911 Nunquam

136 1928 234 2014 igitur
255 1931 313 1996 illa
335 1931 412 2014 luit,
443 1934 494 2000 uel
525 1934 603 2016 erit;
637 1951 737 2016 quare
769 1952 832 2000 non
858 1940 908 2000 εει
930 1933 1097 2012 distinete,
1128 1923 1212 1998 siout

138 2052 197 2101 nee
220 2037 314 2101 simul
338 2041 406 2102 tota
427 2037 461 2102 in
485 2037 621 2103 diversis
643 2037 779 2118 singulis
803 2039 1009 2120 temporibus.
1041 2037 1080 2102 Si
1101 2036 1210 2117 igitur,

141 2136 224 2204 siout
247 2139 427 2206 discussum
458 2147 523 2222 est,
554 2160 614 2208 nec
643 2142 689 2208 sio
718 2148 768 2208 est
799 2148 868 2208 tota
898 2143 931 2208 in
964 2142 1111 2236 omnibus
1135 2141 1214 2207 loeis

140 2243 192 2309 vel
214 2233 428 2327 temporibus,
465 2251 501 2312 ut
529 2247 628 2312 semel
662 2247 704 2312 sit
733 2251 801 2313 tota
828 2246 861 2312 in
892 2246 1055 2329 omnibus,
1091 2249 1125 2311 et
1153 2262 1213 2323 per

138 2351 250 2425 partes
272 2347 307 2412 in
330 2350 484 2430 singulis3
508 2370 567 2438 neo
589 2350 654 2430 sio,
677 2356 715 2416 nt
736 2355 805 2417 tota
820 2351 863 2416 sit
884 2351 917 2416 in
941 2349 1087 2430 singulte,
1110 2348 1212 2443 meni·

140 2445 258 2514 festum
291 2457 341 2517 est
372 2455 449 2538 quia
481 2473 546 2520 non
579 2460 631 2520 est
661 2455 724 2522 ullo
757 2455 850 2520 modo
883 2456 917 2520 in
951 2455 1037 2519 omni
1068 2453 1138 2520 loco
1160 2450 1211 2518 rel

133 2559 284 2636 tempore
307 2559 383 2623 tota.
428 2559 471 2624 El
493 2559 643 2642 quoniam
666 2558 812 2624 similiter
840 2559 1004 2640 pervisum
1033 2564 1102 2637 est,
1137 2558 1212 2641 quia

140 2676 200 2724 neo
223 2658 268 2725 sic
297 2666 367 2744 est,
398 2663 432 2727 in
464 2663 549 2729 omni
582 2662 651 2729 loco
675 2663 725 2729 vel
750 2666 910 2745 tempore,
945 2667 982 2727 ut
1013 2679 1091 2743 pars
1114 2661 1210 2726 sitin

140 2761 244 2840 omni,
268 2767 300 2828 et
322 2781 400 2844 pars
424 2768 467 2832 sit
489 2772 580 2833 extra
596 2785 722 2844 omnem
738 2767 840 2832 locum
857 2766 908 2834 vel
924 2773 1071 2849 tempus,
1094 2767 1211 2848 impos·

134 2866 233 2932 sibile
265 2873 335 2950 est,
368 2876 405 2935 ιιι
439 2874 481 2936 sit
503 2872 621 2955 ubique
646 2877 678 2937 et
696 2889 846 2952 semper.
899 2871 1092 2938 Nullatenus
1125 2871 1210 2936 enim

138 2974 247 3051 potest
267 2970 403 3055 intelligi
426 2994 498 3042 esse
520 2976 640 3064 ubique
663 2979 695 3042 et
717 2994 862 3057 semper,
885 2977 946 3042 nisi
970 2981 1027 3041 aut
1050 2979 1129 3055 tota,
1152 2978 1210 3040 aut

134 3063 222 3156 ,pers
269 3076 413 3155 Quodsi
443 3097 645 3163 nequaquam
675 3084 725 3146 est
756 3079 877 3162 ubique
911 3086 944 3145 et
977 3096 1120 3159 semper,
1154 3081 1212 3142 out

140 3177 204 3244 erit
225 3177 438 3249 determinate
452 3184 487 3247 in
503 3183 609 3265 aliquo
624 3183 694 3248 loeo
711 3183 763 3250 vel
786 3189 946 3265 tempore,
970 3173 1081 3248 autin
1105 3179 1211 3260 nullo;

136 3280 353 3348 ‘determinate
375 3291 481 3350 autem
506 3305 576 3350 eam
608 3286 640 3350 in
672 3286 780 3369 aliquo
805 3306 869 3353 non
900 3305 995 3370 posse
1024 3303 1112 3366 esse,
1141 3284 1210 3367 jam

139 3383 319 3452 discussum
342 3394 399 3455 εει.
443 3390 481 3456 In
505 3389 593 3455 nullo
616 3390 714 3472 igitur
737 3390 788 3455 vel
805 3395 969 3473 ternpore,
992 3391 1025 3456 id
1041 3395 1109 3470 εει,
1134 3406 1209 3455 nus·

22 3556 35 3573 ,
140 3507 237 3574 quam
260 3495 293 3556 et
316 3511 480 3577 nunquam
504 3501 563 3561 est.
607 3495 678 3560 Non
703 3495 787 3561 enim
809 3502 920 3578 potest
949 3513 1039 3576 esse,
1070 3493 1132 3558 nisi
1154 3495 1211 3557 ant

132 3589 298 3675 inomni,
322 3598 434 3662 autin
458 3599 574 3682 aliquo.
620 3600 684 3667 Sed
717 3618 829 3667 rursus
862 3619 933 3667 cum
965 3602 1090 3666 constet
1119 3597 1210 3662 inex·

138 3699 357 3780 pugnabiliter
380 3719 445 3768 non
473 3702 595 3783 solum,
626 3705 702 3789 quia
725 3709 781 3783 ζεει
802 3724 862 3787 per
884 3723 937 3784 se,
961 3706 994 3769 et
1027 3701 1096 3766 sine
1119 3700 1210 3781 prin·

131 3801 240 3882 ·oipio,
264 3808 296 3869 et
318 3803 388 3871 sine
411 3806 490 3888 fine3
514 3809 572 3877 sed
596 3811 671 3894 quia
693 3809 815 3895 aliquid
837 3810 906 3874 sine
929 3823 968 3871 oa
991 3824 1051 3872 neo
1073 3823 1210 3888 usquam

135 3922 201 3973 neo
222 3924 387 3992 nunquam
410 3919 475 3994 est,
507 3931 639 3980 neeesse
669 3913 759 3980 illam
781 3929 853 3978 esse
875 3910 996 3994 ubique
1019 3914 1052 3976 et
1074 3927 1208 3990 semper.
