2684 4546
648 258 688 318 78

132 427 180 491 ils
202 422 351 505 proprie,
374 421 457 486 siout
479 421 636 501 Verbum,
660 423 798 519 genitus.
831 424 978 490 Solemus
1002 427 1087 493 enirn
1109 446 1209 511 saepe

133 530 257 608 dicere,
285 522 406 609 alidnid
428 525 517 606 gigni
539 544 577 591 ex
601 544 638 592 ee
661 546 718 606 re,
750 529 793 592 de
820 547 884 611 qua
917 530 1042 594 existit:
1075 524 1113 594 dt
1136 534 1210 598 oum

133 634 284 712 dicimus,
307 629 511 711 splendorem
534 635 591 696 unt
613 631 752 698 oulorem
774 633 863 714 gigni
886 635 925 698 ab
949 634 1038 715 igne,
1069 652 1127 700 seu
1151 637 1210 702 uli·

133 737 219 820 qnod
241 734 390 802 ellectum
413 753 452 800 ex
482 752 580 800 causa
610 753 678 804 sua.
725 738 907 802 Secundum
932 738 1014 804 hanc
1036 739 1137 820 igitur
1159 761 1209 807 rn-

132 844 272 920 tionem,
295 858 385 905 umor
408 856 427 902 a
449 857 573 904 summo
589 840 705 922 spiritu
721 841 847 919 exiens,
873 860 936 906 nou
960 844 1092 908 omnino
1107 847 1210 912 asseri

132 951 242 1028 polest
264 944 446 1024 ingenitus3
483 943 529 1007 ite
559 962 635 1009 vero
666 946 815 1026 proprie,
849 946 932 1012 sicut
953 948 1113 1027 Verbum,
1147 949 1210 1014 diei

133 1050 261 1133 genitus
285 1065 349 1112 non
364 1051 486 1128 potesl3
510 1049 585 1131 qnia
604 1048 742 1114 Verbum
767 1051 965 1116 verissimam
982 1069 1054 1117 esse
1075 1052 1210 1139 prolem,

134 1158 167 1219 et
189 1152 392 1218 verissimum
413 1150 530 1230 filium3
554 1171 695 1218 umorem
719 1173 796 1219 vero
820 1155 1007 1220 nullalenus
1028 1155 1129 1224 filium
1154 1163 1212 1223 aul

133 1257 257 1343 prolem
281 1275 369 1336 esse,
393 1255 598 1324 manifestum
622 1264 680 1323 est.
711 1259 821 1323 Potest
843 1260 969 1341 itaque,
992 1260 1088 1326 immo
1114 1261 1212 1328 debet

135 1361 197 1431 diui
219 1360 307 1429 solus
330 1361 402 1441 ille,
436 1362 527 1443 cujus
550 1360 692 1426 Verbum
722 1366 790 1440 est,
821 1363 949 1444 genitor
972 1368 1005 1428 et
1026 1364 1211 1446 ingenitus;

104 1539 106 1543 ,
136 1468 213 1549 quio
235 1469 321 1532 solus
345 1472 395 1531 est
416 1465 514 1530 Pater
544 1471 578 1528 et
606 1482 740 1545 parens,
774 1470 807 1530 et
842 1466 932 1532 nullo
963 1468 1057 1532 modo
1081 1469 1122 1534 ub
1147 1467 1211 1532 ulio

134 1577 198 1638 est:
227 1572 330 1636 solum
353 1576 461 1634 nutem
485 1568 624 1634 Verbum
648 1571 807 1651 genitum,
839 1573 915 1654 quia
937 1572 1039 1637 solum
1063 1571 1150 1636 filius
1175 1577 1209 1637 et

127 1677 239 1757 ‘proles
263 1679 322 1740 est.
368 1671 462 1738 Solus
486 1691 561 1737 vero
577 1691 667 1737 umor
691 1674 876 1755 utriusque,
901 1693 961 1743 nso
982 1677 1123 1758 genitus,
1149 1693 1211 1741 nso

134 1777 317 1859 ingenitus,
352 1778 428 1858 quia
450 1796 510 1842 nec
531 1776 615 1842 filius
635 1764 704 1858 est,
736 1796 795 1845 neo
824 1779 932 1860 proles
961 1788 1029 1863 est,
1062 1799 1122 1847 noo
1145 1767 1222 1847 om?

135 1881 210 1953 nino
235 1900 298 1947 non
321 1888 371 1947 est
394 1881 434 1948 ob
459 1882 531 1947 olio.
547 1884 570 1906 ’“

554 2092 695 2158 CAPUT
719 2093 817 2158 LVll.

63 2214 64 2219 ἵ
135 2228 213 2298 Quod
233 2245 309 2286 umor
326 2213 398 2284 idem
417 2229 456 2284 sio
473 2230 509 2285 sit
526 2229 664 2284 increatus
683 2233 711 2283 et
727 2236 848 2298 creator,
868 2229 939 2284 siout
956 2228 1039 2284 Pater
1057 2233 1086 2284 et
1102 2227 1207 2285 Filius:

134 2322 166 2374 et'
180 2325 271 2374 umen
288 2318 348 2387 ipso
367 2333 428 2372 oum
444 2317 499 2372 illis
517 2333 572 2371 non
591 2323 661 2387 tres,
680 2316 729 2372 sed
747 2332 816 2372 umus
827 2317 977 2385 increatus,
997 2321 1025 2371 et
1043 2330 1115 2371 unus
1132 2330 1228 2372 oron,

240 2414 291 2461 tor.
327 2405 365 2461 El
383 2403 455 2474 quod
473 2404 545 2460 idem
563 2406 656 2474 possin
668 2404 722 2459 dioi
739 2405 851 2475 spiritus
868 2404 959 2478 Putris
977 2411 1006 2459 et
1023 2405 1100 2460 Filii.

79 2589 86 2614 s
135 2529 357 2596 Oonspeotus
387 2529 527 2598 cupitis.
554 2527 1208 2610 -Oumumoristeunueudemqussitoum

206 2616 289 2673 Putre
306 2624 334 2672 et
352 2616 424 2672 Filio
441 2630 547 2671 summe
564 2613 695 2684 essentis,
711 2630 781 2683 quae
799 2614 857 2670 solu
874 2630 891 2669 u
908 2616 984 2670 nullo
1002 2616 1093 2685 luctu,
1111 2632 1162 2686 per
1179 2631 1210 2672 se

205 2705 296 2759 omniu
313 2704 393 2775 fecit3
420 2721 530 2761 necesse
549 2711 590 2759 est
611 2704 681 2759 sicut
698 2703 780 2757 Putor
797 2709 826 2758 et
842 2704 942 2771 Filius,
960 2703 1000 2757 itu
1018 2711 1045 2759 et
1062 2707 1115 2760 iste
1132 2721 1223 2760 amor·
1272 2749 1276 2757 .

206 2793 242 2846 sit
258 2793 395 2847 increatus
414 2802 442 2849 el
460 2799 580 2847 creator:
599 2798 627 2846 et
643 2791 690 2846 isti
707 2797 776 2860 tres,
793 2807 849 2844 non
871 2791 975 2860 plures,
996 2789 1044 2845 sed
1063 2806 1134 2845 unus
1152 2792 1209 2847 sint

205 2879 340 2934 increatus
367 2885 394 2933 et
418 2894 488 2933 unus
516 2883 630 2932 oreutor.
665 2876 774 2929 Putrem
807 2876 899 2944 itaque
927 2875 1018 2932 nullus
1045 2876 1125 2946 fucit,
1152 2876 1210 2931 sive

205 2971 292 3040 orent,
318 2973 366 3021 eut
391 2966 486 3035 gignit.
522 2963 623 3018 Filium
640 2962 724 3016 Pater
750 2961 825 3017 solus
852 2962 951 3032 gignit,
982 2962 1109 3018 sednon
1133 2962 1208 3018 facit.

204 3054 286 3110 Peter
313 3061 340 3110 et
367 3054 456 3110 Filius
483 3068 538 3107 non
565 3051 668 3106 fuciunt
695 3056 744 3106 aut
769 3051 898 3120 gignunt,
925 3050 973 3105 sed
1000 3053 1106 3120 spirant
1130 3065 1210 3105 suum

205 3158 338 3212 umorem,
364 3143 428 3212 quin
455 3142 489 3196 sb
517 3141 569 3215 eis
583 3132 706 3209 procedit
731 3155 786 3194 non
814 3137 977 3194 discedendo
1002 3153 1019 3192 u
1041 3154 1146 3193 summu
1163 3139 1211 3193 ills

205 3231 338 3298 essentie,
364 3228 411 3282 sed
430 3226 572 3297 existendo
597 3242 631 3281 ex
654 3227 711 3280 illu.
747 3227 820 3281 Hino
837 3242 956 3295 summae
974 3227 1108 3281 essentiae
1126 3226 1211 3295 Spin'·
1272 3282 1275 3288 ,

206 3323 250 3370 tus
267 3320 341 3370 recle
358 3319 450 3382 potest
465 3311 607 3383 appellari.
644 3313 800 3368 Communio
820 3314 902 3367 etium
919 3313 1011 3367 Putris
1029 3318 1057 3368 ot
1073 3312 1137 3366 Filii
1156 3311 1210 3366 dioi
1272 3372 1275 3377 ,

205 3407 307 3469 potest,
332 3405 391 3454 tum
410 3401 475 3469 quio
492 3416 590 3455 nomen
613 3399 697 3455 hebet
723 3415 863 3456 commune
881 3400 957 3455 Patri
984 3406 1020 3456 11
1038 3400 1125 3471 Filio,
1151 3406 1209 3455 lum

206 3489 270 3556 quia
286 3487 345 3557 ipse
362 3487 430 3543 illud
448 3489 538 3558 ipsum
556 3488 665 3544 omnino
685 3493 745 3560 est,
769 3488 842 3557 quod
859 3488 942 3545 Potor
960 3494 989 3544 el
1005 3487 1103 3543 Filius.

223 3664 382 3745 Quoniam
416 3670 531 3732 autom,
556 3665 642 3730 idem
687 3683 776 3730 amor
813 3664 958 3744 singulus
983 3670 1048 3729 est
1085 3662 1233 3727 summa'

137 3772 294 3851 essentia,
318 3771 401 3836 sicut
422 3770 519 3837 Pater
541 3779 574 3836 et
595 3771 710 3850 Filius,
735 3776 768 3837 et
790 3774 898 3835 tamen
921 3766 1015 3833 simul
1037 3766 1150 3847 Peter,
1174 3771 1208 3831 et

135 3878 251 3957 Filius,
285 3881 318 3942 et
339 3877 508 3959 utriusque
530 3893 635 3956 emor,
667 3894 732 3940 non
754 3874 880 3956 plures,
914 3870 972 3936 sed
995 3888 1062 3935 unu
1083 3888 1208 3936 summe

137 3981 297 4062 essentis,
327 3999 410 4064 quoe
440 3981 511 4048 solu
532 3998 552 4046 u
575 3981 661 4046 nullo
690 3981 792 4058 lactu,
823 3993 888 4041 non
918 3992 977 4055 per
998 3974 1088 4042 uliud
1109 3977 1207 4058 quom
1237 4026 1249 4038 ,
