2684 4546
649 260 691 325 58

516 547 656 616 CAPUT
679 548 824 616 XXXIV.

269 686 409 755 Quomodo
426 699 475 741 suo
493 685 583 743 Verbo
601 686 687 742 videri
704 687 790 756 possit
808 685 898 743 diuers
915 655 1074 745 'oreutufm

135 808 356 879 Conspectus
386 808 528 879 eapitis.
560 835 592 846 —
621 806 684 874 lpse
702 811 745 861 est
767 822 872 862 summa
896 809 980 880 ratio,
1006 809 1036 865 iu
1062 825 1117 879 qua
1142 819 1207 869 sunt

205 890 380 964 omnisonae
398 895 557 950 factasunt.
593 893 668 960 Ergo
693 908 754 948 oum
778 894 844 949 diuit
867 896 999 966 seipsum,
1027 895 1094 952 dicit
1117 899 1208 955 omnia

206 997 276 1051 quae
293 982 366 1038 facta
383 988 455 1037 sunt.
490 981 636 1036 creaturae
658 985 748 1035 autem
771 981 801 1037 in
819 982 916 1052 seipsis
934 989 997 1037 sunt
1015 985 1133 1039 essentia
1149 1001 1207 1040 mu·

96 1089 101 1098 ·
203 1069 312 1140 tabilis;
338 1070 368 1125 in
385 1070 444 1139 ipso
471 1073 536 1124 sunt
561 1069 621 1138 ipsa
648 1068 736 1139 prima
762 1071 895 1139 essentia,
922 1075 951 1125 et
967 1071 1055 1140 prima
1071 1072 1208 1129 existendi
1287 1085 1290 1089 ·

172 1211 180 1221 ,
205 1156 312 1213 veritus.

121 1322 125 1326 ’
210 1330 289 1399 'Sed
311 1332 469 1415 quomodo
492 1337 557 1397 tam
582 1329 766 1398 differentes
790 1349 860 1411 res,
891 1331 1012 1398 scilicet
1035 1351 1149 1399 creans
1174 1339 1207 1400 et

136 1441 243 1502 creata
266 1428 423 1517 essentia,
448 1436 510 1503 dici
533 1440 670 1518 possunt
693 1456 756 1501 uno
772 1435 897 1515 Verbo,
919 1437 1110 1518 praesertim
1134 1457 1205 1512 cum

134 1538 274 1606 Verbum
297 1541 403 1623 ipsum
432 1539 475 1603 sit
509 1539 627 1604 dicenti
660 1544 882 1620 coaeternum,
917 1544 1066 1606 ereatura
1098 1545 1206 1607 autem

136 1662 201 1709 uon
225 1646 267 1710 sit
289 1646 335 1710 illi
359 1643 558 1710 coaeterna?
581 1643 730 1709 Forsitan
754 1643 829 1726 quia
851 1644 921 1726 ipse
938 1649 987 1709 est
1010 1662 1134 1710 summa
1156 1663 1206 1712 sa·

134 1747 257 1830 pientia
280 1752 312 1813 et
335 1765 459 1813 summa
481 1749 579 1828 ratio,
612 1748 646 1813 in
675 1768 740 1832 qna
762 1752 840 1814 sunt
870 1749 978 1814 omnia
1007 1769 1089 1832 quae
1121 1749 1208 1816 laeta

134 1858 226 1932 sunt;
257 1853 525 1941 quemadmodum
558 1872 656 1935 opus,
689 1837 774 1936 quod
804 1852 841 1919 fit
863 1853 1039 1919 seeundum
1063 1853 1204 1938 aliquam

135 1960 253 2036 artem,
289 1976 353 2022 uon
377 1957 477 2023 solum
511 1959 639 2040 quando
670 1956 722 2037 fit,
754 1975 865 2023 verum
888 1964 921 2024 et
944 1960 1117 2041 antequam
1140 1957 1223 2047 liat„
1280 1954 1286 1961 ’

134 2065 167 2127 et
187 2066 357 2143 postquam
393 2060 597 2139 dissolvitur,
631 2078 759 2142 semper
792 2066 841 2126 est
872 2061 906 2126 in
939 2060 1010 2144 ipsa
1040 2067 1110 2143 arte
1141 2081 1206 2128 non

133 2164 231 2245 aliud,
255 2184 349 2248 quam
373 2166 458 2248 quod
482 2170 531 2231 est
553 2183 607 2230 ars
629 2165 707 2247 ipsa.
739 2165 861 2232 ideirco
879 2166 1037 2249 cumjipse
1059 2178 1205 2233 summus

133 2268 265 2351 spiritus
288 2270 364 2338 dioit
386 2271 543 2353 seipsum,
567 2269 643 2337 dicit
665 2271 773 2337 omnia
792 2289 875 2352 quae
898 2268 1090 2338 factasunt.
1123 2269 1207 2339 Nam

133 2376 166 2440 et
188 2377 361 2455 antequam
388 2371 520 2455 fierent,
554 2380 587 2439 et
620 2394 691 2441 cum
723 2377 791 2458 jam
823 2372 910 2441 iacta
941 2379 1033 2453 sunt,
1072 2379 1104 2440 et
1135 2395 1206 2442 eum

134 2485 397 2560 corrumpuntur,
431 2496 490 2544 seu
520 2479 627 2563 aliquo
658 2480 751 2546 modo
788 2479 972 2559 variantur,
1011 2496 1137 2561 semper
1170 2479 1206 2546 iu

134 2580 204 2664 ipso
228 2589 408 2667 sunt-,anon
432 2583 518 2669 quod
543 2585 674 2650 suntin
698 2584 829 2666 seipsis,
861 2584 919 2650 sed
943 2584 1028 2666 quod
1049 2589 1098 2649 est
1119 2582 1206 2650 idem

132 2686 211 2770 ipse.
255 2688 383 2755 Etenim
405 2689 439 2755 in
462 2690 578 2771 seipsis
601 2694 678 2755 sunt
708 2688 850 2756 essentia
878 2687 1062 2768 mutabilis,
1092 2705 1207 2755 secuu-

134 2791 209 2857 dum
239 2791 469 2859 immutabilem
500 2794 658 2860 rationem
691 2798 818 2873 oreata3
851 2794 884 2858 in
917 2793 986 2875 ipso
1020 2811 1095 2858 vero
1130 2797 1207 2859 sunt

132 2896 204 2979 ipsa
226 2900 329 2979 prima
352 2899 511 2979 essentia,
535 2902 568 2963 et
582 2898 686 2980 prima
702 2896 859 2963 existendi
876 2898 1011 2975 veritas,
1037 2897 1087 2963 cui
1109 2900 1207 2978 prout

132 3000 233 3085 magis
257 3007 419 3086 utcunque
441 3003 499 3069 illa
521 3002 636 3068 similia
658 3009 750 3080 sunt,
779 3002 827 3066 ita
850 3001 957 3068 verius
981 3008 1013 3067 et
1036 3007 1206 3084 praestan·

132 3106 197 3172 tius
235 3109 385 3174 existunt.
445 3108 515 3174 Hoc
551 3108 660 3191 itaque
705 3106 799 3173 modo
837 3126 902 3172 non
941 3105 1206 3173 irrationabiliter

132 3210 233 3276 asseri
255 3216 382 3293 potest,
406 3210 482 3293 quia
512 3228 582 3275 cum
605 3210 747 3293 seipsum
771 3211 847 3278 dicit
869 3229 1013 3277 summus
1035 3211 1089 3276 ille
1111 3208 1206 3309 spiri·

133 3317 205 3478 3¹⁸²
243 3314 319 3380 dicit
356 3314 451 3380 etiam
489 3313 639 3413 quiequid
678 3313 799 3381 factum
837 3319 889 3380 est
926 3334 990 3381 uno
1029 3314 1205 3398 eodemque

163 3417 247 3482 erbo.
