2684 4546
685 259 727 320 98

555 544 695 627 CAPUT
718 542 864 609 LXXIV.

436 684 515 755 Quod
533 701 638 741 summe
656 686 774 742 essentia
792 684 828 740 sit
843 683 983 754 sperande.

175 815 396 881 conspectus
425 808 567 878 eapitis.
599 837 629 846 —
662 805 708 861 Ad
731 805 801 860 illud
823 821 887 861 vero
912 805 1025 862 tendere
1048 774 1127 861 nemo
1148 811 1249 877 potest,

244 898 321 955 sind
337 895 405 952 illud
423 911 453 950 se
471 909 550 964 posse
568 894 711 964 pervenire
737 892 869 962 desperet
907 893 981 962 Ergo
998 899 1110 962 praeter
1129 908 1249 949 amorem

245 984 398 1041 necessarie
418 987 460 1036 est
478 994 549 1050 spes.

264 1148 328 1226 Sed
350 1159 384 1223 in
407 1157 467 1222 hae
489 1155 669 1220 intentione
698 1153 840 1219 humane
869 1154 977 1219 anime
1007 1155 1191 1222 nullatenus
1213 1175 1250 1222 se

177 1267 295 1347 peterit
326 1279 493 1341 exercere,
525 1262 552 1325 si
583 1261 733 1340 desperet
755 1277 818 1340 quo
840 1258 979 1324 intendit
1003 1277 1038 1325 se
1058 1278 1154 1342 posse
1176 1278 1249 1342 per-

142 1355 146 1366 *
177 1369 295 1436 venire.
341 1367 546 1449 Quapropter
568 1369 724 1447 quantum
746 1363 793 1428 illi
817 1368 867 1428 est
890 1363 970 1430 utile
992 1367 1134 1432 studium
1158 1368 1249 1432 adni-

178 1455 285 1552 tendi,
308 1476 435 1537 tentum
459 1468 640 1535 necessaria
664 1474 713 1532 est
736 1485 810 1550 spes
832 1469 1049 1550 pertingendi.

569 1675 709 1745 CAPUT
732 1675 861 1743 LXXV.

178 1815 256 1883 Quod
270 1813 434 1869 credendum
447 1813 483 1868 sit
494 1814 523 1868 in
534 1812 624 1882 illam,
643 1812 695 1868 hoe
707 1819 762 1882 est,
782 1812 917 1870 credendo
934 1813 1102 1870 tendendum
1118 1815 1148 1869 in
1168 1815 1251 1870 illem.

179 1938 400 2006 Conspectus
430 1935 572 2004 eapitis.
599 1963 632 1973 —
660 1934 870 1990 Amareautem
889 1940 1135 2004 sutspersrenon
1153 1943 1252 2008 potest,
1284 1923 1288 1930 ⁵

250 2022 322 2091 quod
340 2038 395 2076 non
415 2019 509 2075 eredit.
546 2019 621 2087 Ergo
640 2023 668 2073 et
684 2018 752 2074 fides
771 2022 925 2076 necessaris
948 2028 1006 2091 est,
1026 2038 1080 2091 que
1098 2039 1153 2077 non
1172 2023 1252 2079 modo

248 2125 379 2164 summam
397 2108 543 2165 essentiam
554 2112 582 2162 et
598 2121 639 2175 ea,
653 2107 713 2161 sine
730 2107 830 2174 quibus
848 2109 932 2163 amari
951 2125 1006 2164 non
1024 2115 1128 2180 potest,
1145 2111 1252 2179 eredst3

248 2199 296 2253 sed
314 2215 369 2267 que
394 2195 529 2254 eredendo
556 2194 650 2249 tendat
677 2195 705 2248 in
727 2194 811 2249 illem.
847 2197 879 2250 In
897 2197 972 2251 illem
991 2198 1064 2252 enim
1082 2197 1192 2253 eredere
1211 2202 1254 2252 est

248 2286 385 2342 eredendo
403 2284 517 2342 tendere
541 2283 571 2337 in
594 2283 676 2337 illem.
712 2283 787 2351 Ergo
804 2299 859 2339 non
876 2284 963 2339 eredit
980 2286 1009 2339 in
1028 2283 1117 2353 illem,
1139 2282 1186 2351 qni
1204 2299 1254 2353 per

248 2372 301 2427 hoe
317 2373 390 2440 quod
414 2371 514 2439 eredit,
541 2386 595 2425 non
623 2370 658 2424 ed
684 2370 759 2423 illem
784 2370 881 2426 tendit.
917 2371 971 2439 Qui
989 2386 1054 2426 vero
1071 2371 1207 2426 eredendo
1224 2373 1253 2426 in

249 2457 325 2512 illem
341 2458 443 2527 tendit,
459 2458 495 2513 sd
512 2456 588 2512 illem
605 2458 645 2512 sie
661 2458 811 2527 perveniet,
830 2465 861 2513 nt
877 2459 953 2514 intre
969 2459 1043 2514 illem
1061 2472 1255 2527 permansurus

249 2546 293 2599 sit.
318 2544 398 2600 Unde
416 2547 506 2614 aptius
524 2545 623 2599 dieitur
635 2545 800 2600 eredendum
818 2551 846 2601 et
863 2545 1029 2601 tendendum
1047 2560 1106 2602 esse
1123 2545 1152 2600 in
1170 2545 1254 2614 illam,

250 2647 332 2700 quem
350 2632 515 2689 eredendum
533 2638 581 2688 eut
599 2632 768 2688 tendendum
786 2648 846 2689 esse
863 2633 899 2687 sd
916 2633 999 2688 illam.

269 2811 387 2873 Amare
416 2814 543 2886 entem,
576 2811 633 2871 aut
665 2826 800 2889 sperare
834 2826 898 2872 non
930 2813 1038 2890 potest
1068 2810 1156 2892 qnod
1188 2828 1255 2882 nen

181 2911 291 2978 eredit
338 2908 477 2993 Expedit
506 2911 618 2993 itaque
641 2911 744 2978 eidem
767 2913 927 2979 humanae
951 2914 1076 2979 animae
1099 2931 1255 2979 summam

182 3016 371 3098 essentiam,
393 3022 427 3082 et
450 3029 489 3082 ea
511 3017 582 3083 sine
604 3017 721 3099 quibus
744 3017 802 3084 ille
824 3018 926 3083 amari
952 3037 1015 3084 non
1037 3024 1162 3101 potest,
1186 3037 1255 3087 ere-

181 3122 275 3203 dere,
308 3127 345 3187 ut
377 3121 465 3187 illem
498 3120 659 3187 eredendo
692 3123 806 3189 tendat
835 3123 870 3188 in
901 3122 999 3189 illem.
1020 3162 1023 3171 »
1044 3123 1136 3203 Quod
1170 3123 1256 3189 idem

181 3225 257 3307 apte
284 3224 482 3306 breviusque
504 3223 677 3306 significari
698 3245 795 3308 posse
816 3233 913 3311 pute,
948 3229 976 3293 si
997 3247 1057 3311 pro
1080 3248 1136 3310 eo,
1169 3228 1256 3312 qnod

182 3332 233 3393 est
269 3329 446 3394 credendo>
465 3328 600 3394 tendere
636 3330 671 3394 in
710 3334 866 3398 snmmtm
904 3335 1094 3413 essentiam,
1121 3335 1258 3411 ¹dientem

182 3430 314 3498 eredere
346 3431 380 3496 in
408 3449 564 3499 summam
597 3434 779 3500 essentiam.
825 3435 907 3501 Nem
945 3437 974 3502 si
1003 3438 1191 3520 quisdicat
1219 3454 1257 3502 se

182 3537 314 3602 credere
336 3536 370 3600 in
392 3536 498 3618 illam,
533 3539 613 3613 setis
643 3539 774 3607 videtur
804 3543 993 3625 ostendere,
1021 3547 1060 3607 'et
1079 3560 1139 3623 per
1159 3541 1255 3607 fidem

113 3630 116 3634 “
181 3659 278 3724 quam
300 3641 486 3740 profitetur,
519 3644 560 3709 ed
590 3662 747 3710 summam
779 3664 815 3712 se
836 3647 972 3731 tendere
1001 3647 1193 3728 essentiam,
1220 3650 1259 3711 nt

73 3804 75 3809 ,
181 3745 304 3812 illese
334 3748 485 3829 credere,
525 3768 608 3832 quse
631 3751 685 3815 'nd
717 3751 801 3819 hane
832 3753 999 3835 pertinent
1027 3750 1257 3816 intentionem:

183 3867 354 3916 memnon
377 3853 506 3920 videtur
529 3855 659 3921 eredere
681 3856 715 3920 in
738 3857 843 3938 iliam,
878 3858 944 3922 sive
967 3854 1023 3937 qui
1045 3855 1148 3924 credit
1170 3854 1257 3938 qued

182 3953 444 4022 adtendendum
476 3958 625 4024 inillam
658 3978 724 4048 non
758 3960 915 4040 pertinet,
947 3959 1016 4023 sive
1039 3959 1094 4041 qui
1115 3976 1176 4041 per
1197 3960 1259 4026 hoe
1299 3942 1304 3959 ¹
