2684 4546
634 255 693 320 121

135 428 222 497 etin
245 431 277 495 te
297 445 386 510 aum,
417 431 450 496 et
468 428 513 497 ad
535 433 568 495 to
590 447 655 498 non
675 445 809 512 possum
829 429 992 496 accedere.
1035 430 1125 498 Intra
1146 449 1197 498 me

123 539 167 644 'at
190 534 276 603 circa
294 553 345 602 mo
368 552 422 616 es,
446 539 479 600 et
500 554 565 603 non
587 539 620 603 te
642 535 754 603 sentio.

1209 686 1241 702 U

543 743 681 844 orror
703 743 803 812 nvn.

136 879 214 951 Quod
232 848 337 938 in‘Doo
354 879 391 935 sit
407 879 561 952 hemonia,
578 879 659 953 odor,
682 894 778 951 sapor,
800 879 928 951 hovius,
946 880 1132 953 pulchritudo,
1150 898 1199 940 auo

202 968 336 1027 ineffabili
354 969 443 1025 modo.

221 1145 333 1214 Adbuc
364 1143 465 1225 lates,
499 1143 653 1224 Domine,
688 1143 828 1210 animam
865 1163 968 1212 meam
999 1146 1032 1213 in
1065 1147 1136 1215 luce
1168 1151 1200 1213 et

133 1250 332 1318 beatitudine
354 1255 426 1330 tua;
450 1253 483 1316 et
503 1249 621 1317 ideireo
637 1253 785 1315 versatur
798 1249 852 1315 illa
877 1249 982 1318 adhuc
1002 1251 1036 1316 in
1058 1251 1200 1318 tenebris

134 1360 167 1422 et
188 1356 317 1423 miseria
338 1374 407 1422 sua.
437 1356 658 1439 Circumspicit
680 1355 780 1436 enim,
812 1360 845 1422 et
867 1375 930 1422 non
953 1356 1041 1422 videt
1061 1355 1201 1438 pulchri·

134 1462 278 1546 tudinem
293 1467 391 1528 tuam.
422 1461 603 1544 auscultat,
626 1465 659 1528 et
682 1479 748 1528 non
772 1459 863 1537 audit
884 1461 1080 1527 harmoniam
1103 1465 1201 1528 tuam.

135 1568 271 1650 Olfacit,
302 1574 334 1635 et
356 1587 421 1634 non
451 1568 588 1649 percipit
618 1568 748 1633 odorem
772 1573 870 1633 tuum.
914 1567 1047 1648 Gustat,
1082 1572 1114 1634 et
1136 1586 1201 1635 non

134 1674 295 1758 cognoscit
317 1663 462 1755 saporem
493 1679 594 1740 tuum.
638 1673 770 1754 Palpat,
806 1677 839 1739 et
872 1691 936 1740 non
970 1672 1069 1740 sentit
1102 1672 1201 1738 laevi·

134 1785 233 1847 tatem
257 1784 355 1844 tuam.
399 1778 509 1846 Habes
544 1779 628 1845 enim
661 1779 758 1858 baec,
792 1780 929 1846 Domina
961 1780 1069 1859 Dens,
1101 1779 1136 1844 in
1159 1785 1201 1861 te,

134 1891 189 1953 tuo
223 1883 378 1952 ineffabili
410 1885 521 1967 modo,
555 1886 611 1968 qui
643 1904 682 1954 ea
713 1885 828 1952 dedisti
860 1887 957 1952 rebus
980 1903 1000 1950 a
1022 1889 1055 1950 te
1077 1885 1202 1966 creatis,

136 2009 194 2057 suo
217 1991 363 2058 sensibili
384 1992 499 2071 modo;
530 1993 588 2058 sed
619 1992 847 2073 obriguerunt,
878 1991 935 2058 sed
959 1991 1204 2073 obstupuerunt,

136 2098 194 2164 sed
216 2098 374 2165 obstructi
396 2103 472 2165 suut
504 2115 619 2165 sensus
642 2098 766 2164 animae
789 2115 879 2164 meae
902 2100 1028 2162 vetusto
1050 2096 1206 2176 languore

136 2203 270 2285 peccati.
624 2236 627 2241 ·
1055 2229 1058 2233 ·
1184 2254 1241 2277 ,„.

534 2389 827 2491 (1111111111.Δ
859 2440 862 2445 .
929 2351 933 2363 ’

138 2532 214 2603 Quod
231 2532 307 2589 Deus
324 2531 360 2586 sit
382 2531 452 2602 rita,
479 2531 626 2601 sapientia,
652 2531 812 2602 aeternitas,
838 2535 866 2587 et
890 2545 968 2588 omno
986 2547 1079 2588 verum
1095 2531 1204 2588 bonnm.

207 2651 241 2662 —
258 2618 392 2689 Quicquid
409 2624 451 2676 cst
467 2612 588 2690 partibus
607 2620 746 2690 iunctum,
765 2635 820 2674 non
838 2623 879 2675 cst
895 2620 1003 2681 omnino
1021 2635 1119 2688 unum3
1142 2626 1206 2676 actu

206 2708 250 2765 vel
267 2707 407 2766 intellectu
432 2707 541 2764 dissolri
567 2713 664 2778 potest.
699 2707 852 2787 Sapientia,
878 2707 1040 2777 aeternitas,
1057 2712 1122 2777 ate,
1149 2723 1205 2762 non

206 2802 270 2853 sunt
287 2796 316 2851 in
332 2796 391 2852 Deo
410 2801 516 2866 partes,
535 2794 583 2850 sed
600 2809 698 2864 unum,
717 2798 745 2850 et
762 2794 851 2864 ipsum
868 2798 956 2849 totum
974 2794 1047 2864 quod
1065 2799 1107 2852 est
1123 2795 1207 2866 Deus,
1311 2823 1312 2826 ¹

206 2899 254 2940 rou
270 2884 331 2955 ipsa
349 2885 452 2956 unitas,
469 2899 505 2940 ns
528 2883 637 2953 quidem
654 2883 795 2940 intellectu
813 2882 963 2940 divisibilia.

225 3058 269 3126 ut
289 3058 406 3124 iterum
428 3078 502 3125 ecce
522 3059 679 3139 turbati03
713 3078 786 3126 ecce
806 3060 923 3126 iterum
947 3060 1058 3127 obviat
1079 3079 1205 3127 moeror

139 3171 172 3234 et
194 3167 299 3234 luctus
322 3164 490 3248 quaerenti
521 3165 671 3246 gaudium
696 3170 728 3232 et
749 3165 914 3232 laetitiam.
959 3165 1118 3248 Sperabat
1136 3167 1206 3250 Jam

139 3274 244 3339 anima
266 3290 338 3338 mea
362 3273 563 3353 satietatem,
594 3277 627 3339 et
650 3292 722 3341 ecce
744 3273 860 3339 iterum
885 3273 1031 3340 obruitur
1052 3277 1204 3355 egestate.

139 3375 336 3443 affectabam
366 3362 433 3460 jam
464 3378 648 3460 comedere,
671 3385 704 3446 ct
725 3397 798 3447 ecce
820 3378 921 3462 magis
942 3379 1056 3445 esurio.
1101 3378 1205 3445 Gona-

138 3481 198 3548 bar
220 3498 389 3561 assurgere
413 3485 453 3550 ad
473 3487 578 3552 lucem
600 3486 672 3566 Dei,
703 3482 741 3551 et'
757 3485 857 3552 recidi
878 3485 910 3550 in
936 3486 1087 3551 tenebras
1108 3502 1204 3551 meas.

138 3588 238 3653 Immo
262 3605 326 3651 non
348 3587 441 3653 modo
464 3590 563 3655 cecidi
584 3591 617 3654 in
643 3607 715 3669 eas,
749 3590 807 3655 sed
829 3591 931 3657 sentio
954 3609 1004 3657 me
1026 3590 1204 3655 involutum

139 3694 173 3758 in
212 3692 267 3759 eis.
310 3693 396 3759 Ante
430 3692 528 3758 cecidi
563 3710 658 3776 quam
692 3692 875 3775 conciperet
907 3714 958 3760 me
990 3697 1093 3760 mater
1124 3710 1203 3761 mea.

141 3796 235 3864 Certe
257 3797 290 3863 in
313 3796 378 3863 illis
401 3802 573 3879 conceptus
602 3817 691 3879 sum,
723 3803 756 3865 et
778 3817 848 3866 cum
869 3819 980 3866 earum
1001 3799 1204 3867 obvolutione
1254 3797 1262 3810 '

142 3906 237 3968 natus
259 3920 340 3975 sum.
369 3901 514 3970 certain
535 3900 591 3982 illo
614 3920 726 3969 omnes
749 3904 938 3984 cecidimus,
960 3903 993 3968 in
1016 3923 1079 3989 quo
1095 3922 1205 3972 omnes

140 4006 351 4088 peccavimus.
378 4009 417 4082 In
432 4009 486 4083 illo
500 4025 611 4079 omnes
632 4008 848 4096 perdidimus,
870 4008 926 4094 qui
947 4007 1041 4079 facile
1063 4012 1205 4093 tenebat
