2684 4546
641 284 703 353 111

62 495 74 520 ,
138 458 185 526 lla.
230 459 278 524 Tn
311 474 404 540 ergo,
433 458 581 540 Domine,
612 457 816 541 singulariter
846 474 880 525 es
911 456 1202 552 incircumscriptus

139 568 172 629 at
184 555 363 643 aeternnm
386 566 548 643 ettamen
569 568 603 629 et
624 561 680 630 alii
700 564 832 647 spiritus
847 568 924 631 sunt
937 565 1203 650 incircumscripti

140 674 172 734 et
195 670 328 736 aeterni.

538 859 675 929 CAPUT
698 859 783 929 XIV.
891 924 895 938 ,

137 997 287 1068 Quomodo,
305 1003 334 1054 ot
352 1012 401 1054 our
418 997 538 1070 videtum,
556 1006 584 1055 et
601 1013 656 1054 non
675 997 785 1056 videtur
797 998 872 1059 Deus
890 1014 907 1056 o
924 1001 1117 1071 quaerentibus
1134 1019 1203 1062 eum.

224 1178 275 1246 An
297 1174 467 1256 invenisti,
488 1173 596 1241 anima
618 1193 704 1255 mea,
727 1175 812 1257 quod
836 1177 1039 1259 quaerebas?
1061 1160 1211 1259 Quaere?

136 1286 194 1350 bas
216 1282 344 1362 Deum,
358 1279 508 1345 invenisti
524 1297 594 1345 eum
612 1297 682 1345 esse
705 1279 854 1361 quiddam
872 1299 1029 1347 summum
1053 1287 1202 1368 omnium,
1234 1292 1245 1311 “
1321 1355 1324 1361 ,

137 1409 200 1473 quo
224 1385 299 1453 nihil
317 1385 431 1451 melius
447 1384 580 1467 cogitari
603 1388 729 1466 potestr
754 1388 786 1451 et
800 1383 861 1450 hoc
877 1403 947 1452 esse
969 1387 1065 1452 vitam
1088 1389 1202 1472 ipsam,

135 1495 256 1572 lucem,
280 1489 487 1573 sapientiam,
511 1489 704 1571 bonitatem,
727 1493 892 1582 aeternam
914 1489 1146 1561 beatitudinem
1170 1499 1203 1559 et

135 1600 263 1665 beatam
287 1580 527 1672 aeternitatem
552 1599 584 1658 et
598 1592 657 1659 boc
673 1610 744 1660 esse
760 1593 878 1677 ubique
901 1600 934 1660 et
955 1612 1091 1678 semper.
1121 1598 1201 1665 Nam

136 1704 164 1771 si
187 1720 251 1769 non
274 1699 424 1766 invenisti
438 1699 543 1764 Deum
558 1702 666 1778 tuum,
689 1700 845 1781 quomodo
869 1705 919 1767 est
939 1700 994 1766 ille
1017 1701 1093 1785 hoc,
1117 1704 1203 1787 quod

135 1806 303 1885 invenisti,
328 1810 361 1870 et
383 1805 468 1886 quod
489 1803 579 1871 ilium
596 1808 666 1873 tour
690 1807 777 1871 certa
798 1804 935 1895 veritate
956 1809 988 1872 et
1010 1826 1088 1874 vera
1109 1809 1202 1875 certi·

137 1913 250 1981 tudine
272 1909 491 1978 intellexisti?
511 1909 544 1977 Si
567 1927 643 1977 vero
666 1908 833 1995 invenisti,
858 1910 935 1992 quid
958 1915 1114 1996 estquod
1136 1930 1200 1981 non
1236 1920 1238 1924 '

136 2019 235 2088 sentis
259 2017 344 2102 quod
367 2016 541 2084 invenisti?
579 2015 644 2084 (lur
666 2034 732 2082 non
756 2019 788 2081 te
810 2016 925 2097 sentit,
948 2016 1082 2085 Domim
1104 2021 1202 2104 Deus,

137 2125 244 2190 anima
264 2140 354 2204 mea,
378 2123 405 2188 si
427 2122 551 2189 invenit
571 2121 631 2186 tel
653 2122 704 2187 An
721 2138 785 2186 non
800 2111 940 2202 invenit,
964 2140 1058 2204 quem
1080 2124 1204 2191 invenit

137 2247 208 2295 esse
238 2230 342 2296 lucem
376 2234 408 2293 et
440 2226 635 2292 veritatem?
666 2224 837 2305 ,Quomodo
872 2245 1008 2309 namque
1045 2228 1203 2296 intellexit

135 2332 207 2415 hoc,
232 2334 293 2400 nisi
317 2333 455 2399 videndo
471 2332 575 2398 lucem
591 2336 623 2398 et
637 2329 834 2408 veritatem?
857 2333 922 2398 Aut
944 2333 1050 2414 potuit
1073 2335 1201 2402 omuino

135 2439 255 2522 aliquid
284 2437 462 2518 intelligere
495 2437 535 2507 de
567 2440 617 2519 te,
651 2435 803 2518 nisinen
830 2435 933 2505 lucem
956 2443 1046 2505 tuam
1067 2443 1099 2504 et
1121 2440 1202 2506 veri-

54 2574 57 2579 >
129 2549 235 2611 tatem
257 2541 368 2607 tuem?
402 2541 436 2609 Si
459 2559 535 2622 ergo
560 2541 638 2609 vidit
660 2535 819 2609 lueem'et
842 2542 1027 2625 veritatem,
1049 2545 1129 2613 vidit
1152 2552 1201 2612 te:

134 2649 162 2715 si
185 2666 257 2715 non,
271 2647 350 2715 vidit
372 2650 429 2729 te,
454 2665 519 2714 non
547 2647 627 2714 vidit
658 2647 762 2714 lucem
792 2666 852 2714 nec
873 2647 1050 2715 veritatem.
1095 2652 1145 2717 An
1170 2658 1203 2718 et

134 2755 251 2822 veritas
275 2759 307 2821 et
322 2754 377 2820 lux
391 2758 459 2835 est,
484 2753 577 2843 quod,
591 2752 689 2833 vidit3
713 2748 876 2819 ettamen
900 2753 1041 2819 nondum
1065 2757 1097 2820 te
1112 2755 1202 2837 vidit,
1306 2835 1310 2842 Ι

133 2862 217 2943 qnia¹
231 2861 311 2927 vidit
331 2865 365 2927 te
387 2860 606 2945 aliquatenus3
640 2858 696 2925 sed
729 2875 794 2923 non
824 2856 905 2923 vidit
933 2861 983 2941 te,
1004 2858 1108 2926 'sicuti
1139 2861 1202 2927 esi
1299 2940 1305 2950 ¹

134 2965 271 3031 Domine
299 2965 389 3033 Deus
422 2984 529 3048 meus,
562 2964 716 3031 formator
739 2966 772 3029 et
794 2956 984 3031 reformator
1014 2983 1122 3046 meus,
1152 2967 1203 3033 dic

135 3068 333 3137 desideranti
355 3070 482 3135 animae
504 3089 613 3150 meae,
635 3068 714 3152 quid
729 3068 818 3133 aliud
835 3086 870 3134 es
886 3086 981 3150 quam
1005 3070 1090 3151 quod
1112 3068 1201 3151 vidit,

133 3181 171 3241 ut
200 3194 281 3259 pure
312 3172 420 3242 videat
457 3176 542 3258 quod
568 3175 747 3247 ,desiderat
786 3168 935 3241 'Intendit
972 3190 1025 3255 se,
1061 3180 1099 3240 ut
1128 3174 1202 3258 plus

133 3282 262 3349 videat:
285 3286 318 3349 et
341 3281 421 3346 nibil
443 3281 531 3348 videt
546 3280 633 3347 ultra
647 3281 707 3348 hoc
727 3280 814 3366 quod
837 3280 933 3362 vidit,
956 3280 1019 3346 nisi
1040 3281 1201 3347 tenebrae.

133 3385 233 3451 Immo
257 3405 322 3453 non
344 3386 431 3453 videt
461 3387 629 3468 tenebras,
659 3394 744 3472 quae
775 3386 885 3453 nullae
907 3388 1040 3453 suntin
1062 3392 1110 3467 te,
1145 3386 1202 3453 sed

134 3491 222 3558 videt
243 3508 366 3557 senon
388 3493 461 3574 plus
490 3511 586 3576 posse
620 3492 746 3572 videre,
764 3496 913 3574 ,propter
943 3493 1094 3562 tenebras
1117 3509 1201 3558 suas.

135 3595 201 3662 Gur
222 3597 297 3678 hoc,
320 3596 472 3679 Domine,
501 3616 558 3663 cur
579 3597 667 3663 hoel
703 3594 905 3663 Tenebratur
927 3597 1037 3665 oculus
1061 3597 1130 3679 eJus
1152 3597 1202 3661 in-

134 3701 285 3767 firmitate
307 3718 381 3783 sua,
405 3707 462 3767 aut
476 3703 702 3769 reverberatur
717 3698 843 3782 fulgore
865 3704 948 3768 tuo?
972 3702 1036 3768 Sed
1059 3706 1145 3767 certe
1169 3708 1201 3766 et

135 3808 324 3872 tenebratur
357 3806 390 3872 in
426 3824 479 3887 se,
512 3810 545 3871 et
575 3803 802 3878 reverberatur
824 3824 844 3872 a
865 3814 905 3874 te.
950 3807 1069 3889 Utique
1091 3812 1123 3871 et
1146 3808 1201 3874 ob·
1252 3835 1255 3846 ·

137 3916 286 3978 secratur
323 3929 383 3979 sua
420 3912 595 3993 brevitate,
632 3916 665 3977 et
698 3913 848 3979 obruitur
883 3919 941 3978 tua
976 3911 1200 3979 immensitate.

136 4016 220 4085 Vere
242 4021 275 4084 et
296 4018 497 4089 mntrabitnr·
517 4018 668 4102 augustia
690 4034 767 4106 soa,
791 4022 824 4086 et
838 4018 976 4086 vincitur
991 4017 1201 4104 amplitudine
1326 4105 1329 4123 1
