2684 4546
661 274 701 336 52

215 443 326 500 auferri.
362 444 448 499 Porro
467 457 528 496 cnm
547 442 635 497 omnis
653 442 772 497 essentia
789 458 821 498 eo
837 443 898 513 ipso
923 445 1009 514 magis
1034 445 1069 500 sit
1093 449 1122 501 et
1140 460 1219 516 prae·

215 532 342 601 stantior,
360 547 424 611 ‚quo
453 530 566 585 similior
595 536 636 586 est
653 529 694 585 illi
725 533 873 602 essentiae,
899 549 968 603 quae
996 549 1099 590 summe
1123 540 1165 591 est
1192 539 1220 591 et

214 636 317 677 summe
343 624 479 689 praestat,
504 618 679 673 manifestum
696 625 751 687 est,
780 620 844 687 quia
860 620 981 678 Verbum
1001 638 1056 676 non
1080 627 1123 678 est
1141 637 1218 677 orea-

214 717 292 765 turae
309 707 470 775 similitudo,
488 706 536 761 sed
555 721 620 762 vera
638 707 769 776 essentia,
797 709 871 762 etin
889 709 986 762 creatis
1005 724 1060 764 non
1079 715 1121 764 est
1135 709 1218 765 abso·

214 797 274 853 luta
293 797 422 865 essentia,
449 795 497 851 sed
522 810 602 849 verae
627 794 761 850 essentiae
778 796 910 851 imitatio:
938 798 1030 864 sicque
1048 797 1108 865 ipsa
1127 802 1220 851 creata

185 926 188 949 ,
213 900 246 940 eo
264 884 349 954 magis
366 883 410 939 vel
428 883 518 938 minus
535 886 602 937 sunt
620 897 696 951 vera,
716 898 768 951 quo
787 884 874 953 magis
892 882 936 939 vel
953 884 1043 939 miuus
1060 882 1102 937 illi
1120 897 1218 952 appro-

213 975 352 1040 pinquant
1170 987 1177 1000 ³

231 1165 296 1234 Sed
319 1181 393 1230 ecce
415 1161 544 1227 videtur
575 1160 653 1227 mihi
683 1161 820 1228 suboriri
844 1180 904 1228 nec
926 1160 1028 1230 facilis
1052 1183 1112 1230 nec
1134 1163 1217 1230 ulla-

143 1279 252 1358 tenus
277 1271 337 1337 sub
376 1268 587 1349 ambiguitate
624 1268 837 1350 relinquenda
873 1270 1028 1350 quaestio.
1087 1269 1216 1336 Etenim

144 1378 252 1446 omnia
273 1373 458 1458 hujusmodi
481 1374 595 1454 verba,
620 1373 734 1454 quibus
758 1390 810 1438 res
826 1373 986 1455 quaslibet
1008 1377 1116 1440 mente
1139 1375 1217 1440 dioi-

141 1503 244 1564 mus,
264 1482 298 1547 id
334 1485 384 1546 est
414 1477 606 1557 cogitamur,
641 1476 866 1557 similitudines
898 1483 931 1543 et
960 1479 1117 1558 imagines
1140 1482 1218 1542 sunt

139 1607 264 1666 rerum,
299 1600 436 1667 quarum
472 1580 573 1646 verba
609 1583 704 1659 sunt;
741 1586 774 1646 et
810 1583 914 1647 omnis
951 1583 1127 1648 similitudo
1164 1582 1216 1648 vel

138 1694 242 1773 imago
273 1692 365 1752 tanto
399 1684 501 1764 magis
532 1683 582 1750 vel
616 1684 722 1748 minus
757 1689 808 1750 est
837 1703 931 1766 vera,
967 1693 1089 1768 quanto
1113 1687 1215 1766 magis

139 1795 192 1863 uel
214 1793 321 1858 minus
343 1789 489 1856 imitatur
510 1807 589 1870 rem,
613 1789 705 1871 cujus
728 1793 778 1854 est
804 1789 988 1857 similitudo.
1020 1791 1108 1885 Quid
1116 1791 1216 1872 igitur

139 1899 389 1966 tenendumest
412 1895 452 1961 de
474 1893 598 1974 Verbo,
622 1911 685 1974 quo
709 1893 860 1958 dicuntur
883 1898 916 1958 et
937 1913 997 1976 per
1019 1895 1104 1978 quod
1128 1895 1216 1962 iacta

139 2007 216 2070 sunt
239 1999 367 2068 omnia?
389 1997 478 2078 Erit,
502 2014 544 2061 au
557 2014 621 2061 non
638 1996 699 2062 erit
714 1997 889 2064 similitudo
905 2017 1024 2082 eorum,
1049 2019 1134 2084 quae
1156 2016 1215 2083 per

137 2109 244 2192 ipsum
266 2105 353 2183 iacta
375 2102 475 2169 sunt?
511 2101 544 2168 Si
579 2102 663 2167 enim
696 2102 801 2185 ipsum
833 2108 883 2168 est
913 2123 991 2170 vera
1012 2106 1215 2173 mutabilium

139 2212 330 2291 similitudo,
363 2227 427 2274 nou
463 2211 512 2272 est
544 2207 817 2273 consubstantiale
841 2227 983 2276 summae
1004 2211 1215 2284 incommuta·

138 2318 277 2385 bilitati:
308 2313 393 2397 quod
426 2309 544 2376 falsum
579 2318 638 2378 est.
685 2311 718 2377 Si
748 2316 855 2378 autem
886 2332 949 2378 non
973 2314 1101 2380 omnino
1125 2333 1213 2397 vera,

138 2422 196 2488 sed
218 2420 452 2504 qualiscunque
474 2416 651 2481 similitudo
666 2417 865 2493 mutabilium
890 2421 955 2500 est,
979 2437 1043 2483 non
1067 2425 1117 2485 est
1132 2418 1213 2484 Ver·

137 2529 221 2613 bum
223 2606 228 2615 ἰ
236 2524 381 2612 summae
403 2520 550 2586 veritatis
585 2520 714 2586 omnino
748 2540 875 2588 verum:
912 2522 998 2604 quod
1034 2523 1211 2588 absurdum

94 2712 96 2717 Ι
138 2636 197 2698 est,
243 2631 285 2696 nt
303 2627 334 2694 ¹si
358 2625 479 2692 nullam
502 2617 704 2692 mutabilium
727 2626 825 2692 habet
848 2626 1104 2710 similitudinem,
1133 2637 1215 2710 quo-

137 2738 230 2802 modo
254 2736 294 2801 ad
326 2733 413 2798 illius
446 2731 624 2813 exemplum
658 2728 746 2797 facta
780 2731 880 2797 suut?
919 2730 1039 2796 Verum
1060 2717 1211 2797 'forsitan

137 2839 216 2906 nihil
238 2839 335 2922 hujus
357 2836 539 2902 remanebit
560 2836 793 2917 ambiguitatis,
826 2836 853 2900 si
887 2836 1154 2918 quemadmodum
1176 2836 1211 2900 in

134 2942 207 3024 {vivo
230 2944 359 3012 homine
382 2941 502 3007 veritas
524 2940 662 3006 hominis
686 2958 757 3006 esse
788 2941 922 3024 dicitur,
953 2943 986 3007 in
1008 2934 1102 3023 'picto
1132 2959 1209 3007 vero

135 3050 311 3116 similitudo
334 3049 401 3114 sive
424 3048 528 3128 imago
545 3046 633 3113 illius
649 3047 820 3136 veritatis,
836 3048 882 3114 sic
906 3048 1064 3113 existendi
1085 3047 1209 3113 ueritas

134 3155 327 3237 intelligitur
345 3155 383 3219 in
406 3152 523 3231 verbo,
558 3153 650 3234 cujus
683 3153 825 3219 essentia
854 3154 901 3218 sic
931 3171 1053 3219 summe
1075 3156 1141 3232 est,
1174 3155 1209 3215 ut

134 3257 367 3342 quodammodo
390 3257 445 3321 illa
468 3256 538 3321 sola
552 3257 613 3336 sit,
636 3256 669 3320 iu
691 3257 842 3339 hisvero,
867 3276 950 3339 quae
973 3259 1006 3322 in
1032 3257 1102 3340 eJus
1125 3275 1209 3322 com·
1235 3251 1242 3266 “

134 3362 303 3446 paratione
326 3360 561 3453 quodammodo
585 3379 650 3426 non
673 3365 765 3442 sunt,
799 3367 832 3427 et
862 3366 970 3428 tamen
992 3382 1051 3445 per
1072 3361 1152 3427 illud
1175 3364 1209 3425 et

134 3466 310 3533 secundum
334 3463 416 3530 illud
438 3464 525 3531 facta
547 3469 624 3531 sunt
653 3467 793 3549 aliquid,
824 3467 932 3550 aliqua
962 3467 1098 3534 imitatio
1120 3465 1207 3531 illius

134 3589 277 3638 summae
314 3571 474 3635 esseutiae
511 3572 742 3654 perpendatur.
801 3572 855 3640 Sic
900 3573 1019 3656 quippe
1063 3570 1207 3637 Verbum

133 3662 285 3741 summae
306 3674 469 3756 veritatis,
507 3676 592 3758 quod
630 3683 663 3744 et
692 3677 798 3759 ipsum
823 3662 884 3743 'est
917 3694 1043 3747 samma
1074 3674 1206 3754 veritas,

133 3774 255 3847 nullum
278 3784 483 3864 augmentum
517 3781 567 3846 vel
601 3782 829 3848 detrimentum
859 3782 994 3863 sentiet,
1027 3779 1205 3845 secundum

132 3884 193 3952 hoc
215 3885 302 3968 quod
323 3887 425 3968 magis
449 3885 499 3952 vel
522 3887 628 3953 minus
651 3888 808 3955 creaturis
824 3887 867 3953 sit
881 3884 1002 3965 simile3
1025 3885 1082 3950 sed
1097 3883 1205 3966 potius

132 4009 265 4060 necesse
288 3991 350 4059 erit
371 4011 465 4060 omne
486 3991 572 4076 quod
589 3998 732 4060 creatum
754 3995 812 4076 est,
837 3994 928 4057 tanto
950 3989 1052 4074 magis
1076 4005 1148 4078 esse
1171 3991 1205 4054 et
