2684 4546
651 337 713 398 147

144 520 207 586 quo
229 501 334 584 majns
357 518 423 566 non
445 501 549 582 possit
564 503 717 583 cogitari,
741 479 807 568 non
830 507 942 571 tamen
964 472 1012 572 ita
1035 511 1097 576 erit
1119 511 1224 594 impu·

25 657 33 667 .
143 607 238 687 dens,
261 609 298 670 ut
323 604 466 672 dicatos
489 624 555 671 non
577 624 674 688 posse
695 607 879 688 intelligere
900 613 959 675 aut
982 611 1123 692 cogitare
1146 616 1224 697 quid

142 710 247 777 dieat:
280 713 336 774 aut
359 709 482 793 siquis
505 709 580 775 talis
602 711 785 789 invenitur,
818 730 882 777 non
906 713 1000 779 modo
1023 719 1229 801 sermoejms-

141 819 193 881 est
228 814 450 895 respuendus,
480 815 558 880 sed
596 819 630 880 et
665 815 735 896 ipse
772 818 1009 898 conspuendus.
1070 819 1225 904 Quisquis

139 914 241 997 igitur
264 922 362 998 negat
384 916 507 1001 aliquid
538 934 626 999 esse,
663 937 726 1002 quo
760 920 865 1003 majus
896 906 1038 1005 nequeat
1069 924 1223 1005 cogitem

141 1021 255 1104 utique
276 1021 430 1103 intelligit
452 1028 486 1087 et
507 1022 628 1104 cogitat
643 1023 865 1104 negationem,
888 1025 1102 1108 quamtfaeit:
1125 1042 1224 1111 quam

44 1152 53 1157 ·
141 1124 347 1206 negationem
368 1124 549 1206 intelligere
571 1129 629 1190 aut
644 1125 789 1206 cogitare
810 1145 876 1192 non
898 1132 1008 1209 potest
1031 1127 1101 1194 sine
1122 1130 1225 1210 parti·

140 1230 202 1296 bus
225 1231 314 1311 ejus:
348 1246 426 1311 pars
449 1234 556 1297 autem
585 1229 657 1312 ojus
690 1233 755 1310 ast,
788 1250 849 1312 pao
870 1233 979 1315 arpos
1000 1233 1228 1316 cogitarim

134 1339 254 1416 potest.
300 1333 490 1418 Quicunque
511 1332 611 1416 igitur
631 1332 692 1398 hoc
714 1339 830 1413 negat,
864 1333 1016 1416 intelligit
1038 1340 1071 1400 et
1095 1337 1224 1418 cogitat,

141 1457 204 1523 quo
228 1439 332 1521 majus
356 1438 488 1520 cogitari
510 1438 632 1521 nequit.
665 1437 777 1502 Palam
808 1441 916 1503 autem
940 1441 1007 1518 est,
1039 1438 1115 1521 quia
1137 1440 1223 1505 simi·

141 1539 216 1606 liter
247 1547 356 1621 potest
389 1542 523 1621 cogitari
553 1548 586 1608 et
618 1542 772 1622 intelligi,
807 1543 892 1625 quod
925 1559 988 1606 non
1020 1547 1128 1622 potest
1157 1561 1224 1607 non

142 1661 233 1722 esse;
257 1646 362 1726 majus
385 1663 461 1709 vero
475 1646 605 1725 cogitat,
631 1646 685 1728 qui
700 1646 760 1711 hoc
778 1646 918 1728 cogitat,
943 1663 1038 1728 quam
1062 1645 1116 1726 qui
1139 1645 1224 1726 cogi-

141 1751 191 1811 tat
213 1747 298 1828 quod
320 1748 424 1826 possit
445 1767 511 1813 non
534 1766 614 1814 esse.
645 1748 726 1813 Cum
743 1767 819 1831 ergo
836 1750 1006 1832 cogitatur,
1033 1768 1096 1833 quo
1118 1750 1224 1832 majus
1335 1743 1337 1749 ’

142 1869 206 1915 non
229 1851 332 1930 possit
364 1851 513 1933 cogitari,
547 1852 575 1916 si
608 1854 765 1935 cogitatur
799 1853 885 1936 quod
914 1855 1018 1934 possit
1048 1871 1112 1918 non
1142 1871 1223 1934 esse,

140 1974 205 2020 non
229 1957 389 2037 cogitatur
412 1975 474 2041 quo
498 1942 562 2022 non
586 1958 689 2048 possit
714 1957 848 2039 eogitari
871 1957 997 2040 majus3
1031 1959 1088 2024 sed
1112 1957 1223 2040 nequit

140 2061 226 2125 idem
249 2061 343 2126 simul
365 2061 516 2144 cogitari,
548 2066 581 2125 et
611 2079 676 2150 non
706 2061 848 2142 cogitari.
894 2061 1001 2141 Quare
1026 2061 1079 2144 qui
1103 2061 1225 2141 cogitat

143 2184 206 2248 quo
229 2166 335 2247 majus
367 2184 431 2230 non
454 2163 559 2244 possit
586 2165 736 2247 eogitari,
767 2183 832 2229 non
862 2165 981 2244 cogitat
1004 2164 1089 2247 quod
1112 2164 1223 2247 possit,

143 2269 201 2334 sed
225 2270 310 2351 quod
333 2286 397 2333 non
428 2268 531 2348 possit
561 2286 626 2333 non
650 2285 731 2333 esse.
777 2268 981 2350 Quapropter
1011 2284 1143 2332 necesse
1174 2270 1225 2331 est

143 2371 324 2455 essequod
348 2370 482 2451 cogitat;
516 2371 591 2454 quia
621 2371 771 2454 quicquid
803 2389 867 2436 non
899 2387 970 2435 esse
998 2374 1124 2452 potest,
1158 2388 1223 2436 non

144 2476 302 2559 estquod
326 2474 451 2556 cogitat

549 2684 553 2693 '
579 2677 719 2744 CAPUT
743 2678 782 2742 X.

305 2814 437 2871 Firmitas
454 2815 571 2871 rationis
588 2814 758 2885 praedictae,
777 2817 805 2869 et
822 2811 908 2868 libelli
927 2813 1059 2869 clausula.

230 2991 313 3056 Puto
350 2990 427 3073 quia
464 2990 642 3055 monstravi
681 3008 732 3054 me
770 3006 835 3052 non
872 2986 1015 3067 infirma,
1050 2988 1108 3052 sed
1145 2987 1224 3052 satis
1300 3032 1306 3039 -

142 3081 325 3161 necessaria
355 3095 635 3174 argumentatione
668 3094 824 3175 probasse
858 3091 892 3156 in
924 3089 1072 3173 praefato
1101 3089 1223 3170 libello,

140 3199 250 3280 reipsa
273 3196 410 3263 existere
433 3196 571 3280 aliquid,
604 3215 668 3281 quo
700 3198 805 3277 maJus
837 3195 975 3276 cogitari
1002 3212 1068 3260 non
1098 3193 1224 3275 possit;

142 3320 202 3368 nec
224 3319 295 3367 eam
318 3300 454 3383 alicujus
477 3300 667 3383 objectionis
696 3299 851 3366 infirmari
880 3298 1039 3365 firmitate.
1084 3298 1224 3363 Tantam

142 3406 227 3473 enim
250 3406 313 3470 vim
335 3406 432 3487 hujus
454 3405 655 3486 probationis
677 3407 710 3471 in
733 3423 768 3471 se
792 3405 937 3471 continet
958 3402 1164 3484 significatio,
1188 3407 1226 3468 ut

142 3509 202 3575 hoc
236 3507 343 3588 ipsum
377 3509 462 3590 quod
495 3509 629 3589 dicitur,
664 3527 705 3573 ex
738 3509 947 3586 necessitate,
981 3526 1018 3573 eo
1041 3509 1112 3588 ipso
1137 3504 1224 3588 quod

143 3611 335 3692 intelligitur
356 3611 408 3678 vel
432 3612 607 3691 cogitatur,
639 3616 673 3676 et
699 3626 815 3675 revera
836 3610 993 3690 probetur
1015 3610 1169 3686 existere,
1192 3610 1226 3672 et

25 3737 28 3741 ·
142 3719 282 3800 idipsum
305 3732 377 3780 esse
400 3713 552 3796 quicquid
583 3713 623 3778 de
655 3713 765 3777 divina
797 3714 981 3779 substantia
1004 3714 1132 3792 oportet
1155 3728 1224 3775 cre·

139 3822 229 3887 uere.
275 3818 442 3886 Credimus
465 3819 604 3899 namque
634 3816 675 3881 de
706 3815 815 3880 divina
842 3813 1039 3893 substantia,
1072 3812 1224 3896 quicquid
1311 3838 1316 3849 ·

144 3924 292 3991 absolute
308 3922 442 4004 cogitari
461 3924 570 4003 potest
588 3918 703 3985 melius
721 3936 802 3999 esse,
820 3936 916 4002 quam
934 3935 998 3982 non
1019 3933 1099 3982 csse.
1123 3914 1224 4013 Verbi
1307 3916 1312 3927 '

144 4028 268 4111 gratia:
300 4028 415 4094 melius
438 4031 582 4093 estesse
611 4022 797 4104 aeternum,
830 4040 927 4108 quam
949 4038 1014 4086 non
1036 4022 1224 4098 aeternum3
