2684 4546
660 251 679 310 2

141 416 281 496 tatione,
305 419 493 483 strationis
518 417 692 482 necessitas
715 402 857 483 breviter
888 425 1033 500 cogeret,
1064 425 1097 486 et
1129 421 1211 486 veri-

141 519 218 585 tatis
251 520 381 586 claritas
412 526 561 604 patenter
585 521 779 586 ostenderet.
825 521 1005 587 Voluerunt
1027 525 1143 604 etiam,
1159 528 1211 588 'ut

140 641 200 690 nec
222 625 416 706 simplicibus
438 642 586 706 peneque
619 622 721 688 fatuis'
748 624 980 708 objectionibus
1002 627 1079 692 mihi
1102 646 1210 692 occur·
1251 696 1262 702 ,

98 787 105 799 ,
141 729 287 794 rentibus
311 728 442 792 obviare
465 732 710 793 contemnerem.
743 729 984 810 Quodquidem
1008 731 1062 794 diu
1085 734 1211 795 tentare

142 833 305 910 recusavi,
334 837 432 912 atque
454 850 579 897 mecum
611 833 658 896 rei
680 832 753 913 ipsa
775 849 981 914 comparans,
1016 832 1126 898 multis
1160 851 1211 898 me

142 935 322 1000 rationibus
338 953 492 1001 excusare
508 937 647 1001 tentavi:
671 935 794 1019 quanto'
808 937 893 1001 enim
907 938 940 1001 id
957 938 1042 1019 quod
1056 939 1212 1018 petebant

9 1106 12 1114 ¹
141 1054 202 1102 usu
226 1039 286 1105 sibi
309 1040 464 1121 optabant
485 1039 628 1122 facilius,
652 1047 743 1107 tanto
766 1042 843 1106 mihi
864 1042 945 1107 illud
967 1046 1040 1106 actu
1063 1043 1211 1134 injunge-

140 1140 219 1205 bant
257 1141 426 1210 diffieilius.
486 1145 645 1233 Tandem⁸
669 1149 778 1210 tamen
816 1146 940 1225 victus,
977 1150 1044 1210 tum
1081 1163 1211 1226 precum

141 1244 287 1310 modesta
298 1247 558 1329 importunitate,
575 1252 642 1313 lum
659 1249 759 1314 studii
773 1267 883 1314 eorum
899 1267 963 1313 non
979 1249 1213 1313 contemnenda

140 1345 329 1429 honestate3
359 1351 480 1418 invitus
511 1353 638 1434 quidem
669 1358 800 1433 propter
833 1338 880 1417 rei
913 1350 1149 1430 difficultatem,
1175 1355 1212 1434 ‚et

141 1449 262 1531 ingenii
297 1455 358 1520 mei
391 1454 657 1533 imbecillitatem,
693 1453 777 1534 quod
810 1453 1027 1533 precabantur
1065 1455 1210 1534 incoepi;

141 1555 199 1620 sed
221 1556 358 1622 libenter
386 1563 519 1638 propter
552 1574 677 1628 eorum.
695 1555 898 1637 charitatem,
932 1562 1087 1640 quantum
1110 1559 1210 1639 potui,
1320 1642 1324 1650 .

141 1660 317 1724 seeundum
340 1661 482 1741 ipsorum
498 1658 730 1725 diffinitionem
754 1659 851 1726 effeci.
897 1662 947 1726 Ad
970 1663 1055 1743 quod
1079 1681 1149 1729 cum
1173 1679 1212 1726 ea

47 1803 51 1810 -
141 1777 198 1841 spe
221 1762 280 1827 sim
305 1763 480 1844 adductus,
503 1768 539 1827 11
562 1764 713 1847 quicquid
734 1764 874 1831 lacerem
895 1767 958 1855 illis
981 1766 1075 1847 solis,
1099 1785 1119 1831 a
1141 1767 1210 1849 qui-

20 1898 25 1907 *
140 1864 201 1929 bus
225 1866 428 1948 exigebatur,
459 1873 545 1933 esset
576 1874 707 1949 notum,
742 1874 774 1932 et
800 1869 898 1950 paulo
920 1874 994 1950 post
1015 1871 1153 1952 idipsum
1176 1876 1212 1934 11

141 1967 234 2032 vilem
265 1990 332 2035 rem
366 1969 623 2052 fastidientibus,
658 1975 843 2051 contemptu
876 1977 962 2037 esset
993 1974 1209 2039 obruendum:

142 2071 206 2135 scio
230 2074 313 2138 enim
337 2075 444 2139 mein
468 2092 505 2139 eo
529 2082 592 2138 non·
621 2080 686 2138 tam
710 2075 917 2153 precantibus
940 2073 1127 2141 satisfacere
1149 2077 1210 2143 eis·

142 2173 213 2239 dem
243 2179 403 2258 potuisse,
436 2198 531 2260 quam
547 2178 710 2259 precibus
738 2197 789 2243 me
815 2181 1087 2261 prosequentibus
1116 2181 1210 2245 finem

139 2281 294 2360 posuisse.
338 2283 454 2370 Nescio
492 2288 601 2348 tamen
643 2300 705 2365 quo
746 2289 841 2363 pacto
880 2285 926 2350 sic
958 2289 1087 2365 praeter
1121 2288 1210 2365 spem

141 2382 264 2464 evenit,
287 2391 411 2452 utnon
434 2389 537 2479 solnm
553 2388 708 2468 praedicti
731 2387 866 2468 fratrea,
889 2389 947 2454 sed
970 2394 1002 2455 et
1024 2388 1134 2480 plures
1150 2389 1210 2473 alii

139 2487 331 2577 scripturam
368 2493 472 2572 ipsam
509 2493 644 2574 quisque
682 2508 752 2555 eam
790 2492 851 2557 sibi
896 2493 1140 2558 transcribendo
1176 2493 1210 2556 in

139 2589 271 2673 longum
307 2596 481 2661 memoriae
518 2596 732 2660 condemnare
770 2600 975 2676 satagerent:
1019 2615 1112 2676 quam
1151 2613 1211 2675 ego

139 2702 237 2795 saepe
267 2702 446 2766 1111111111
478 2699 555 2764 nihil
585 2699 677 2781 potui
705 2698 850 2763 invenire
884 2717 935 2762 me
967 2698 1001 2763 in
1024 2717 1063 2763 ea
1084 2700 1210 2779 dixisse,
1328 2749 1331 2752 -

140 2799 226 2879 qnod
248 2819 313 2866 non
338 2803 565 2868 catholicorum
588 2803 739 2882 Petrum,
771 2807 805 2866 et
835 2801 971 2867 maxime
993 2803 1080 2868 beati
1103 2805 1210 2885 Augu-

139 2907 231 2987 stini,
269 2909 398 2990 scriptis
436 2909 624 2974 cohaereat:
670 2909 875 2989 Quapropter
905 2907 933 2971 si
957 2907 1007 2972 cui
1040 2908 1210 2988 videbitur,

140 3012 227 3092 quod
248 3012 282 3076 in
307 3013 420 3079 eodem
451 3013 607 3094 opusculo
642 3011 762 3094 aliquid
795 3010 1002 3092 protulerim,
1036 3013 1121 3094 quod
1154 3017 1212 3078 aut

141 3116 235 3183 nimis
257 3137 374 3185 novum
386 3119 444 3200 sit,
468 3124 526 3184 aut
541 3137 561 3182 a
576 3119 714 3183 veritate
730 3117 918 3197 dissentiat,
941 3134 1029 3196 rogo,
1046 3135 1087 3182 ne
1102 3117 1211 3181 statim

55 3294 58 3301 ⁴
140 3239 192 3286 me
223 3227 278 3287 aut
301 3227 577 3304 praesumptorem
609 3222 806 3301 novitatum,
838 3226 895 3285 aut
925 3219 1075 3285 falsitatis
1107 3237 1212 3284 asser·

140 3332 244 3392 torem
266 3327 438 3405 exclamet3
462 3326 519 3392 sed
542 3325 632 3406 prius
654 3324 754 3391 libros
777 3323 916 3405 praelati
940 3323 1078 3388 doctoris
1102 3325 1212 3405 Augu-

141 3431 218 3496 stini
241 3431 281 3497 de
304 3432 464 3498 Trinitate
488 3431 660 3511 diligenter
681 3431 871 3513 perspiciat,
896 3429 1013 3496 deinde
1036 3430 1211 3496 secundum
1299 3502 1304 3521 ,

142 3553 196 3602 111
219 3536 408 3616 opusculum
420 3555 525 3602 meum
541 3535 703 3616 dijudicet.
734 3534 827 3612 Quod
850 3534 935 3598 enim
958 3534 1033 3614 dixi,
1056 3549 1211 3600 summam

141 3637 332 3708 Trinitatem
353 3658 449 3722 posse
473 3641 533 3706 dici
556 3644 624 3704 tres
646 3639 863 3725 substantias,
894 3638 1033 3705 Graecos
1056 3638 1211 3720 sequutus

14 3776 17 3781 ⁴
141 3757 228 3822 sum,
262 3744 317 3826 qui
341 3743 533 3810 confitentur
568 3749 634 3808 tres
669 3743 867 3808 substantias
900 3743 934 3806 in
968 3758 1034 3804 una
1061 3738 1211 3818 essentia,

142 3846 256 3911 eadem
275 3846 357 3929 fide,
388 3868 453 3932 qua
484 3867 542 3914 nos
573 3852 640 3912 tres
669 3865 827 3929 personas
860 3847 893 3910 in
925 3861 992 3908 una
1020 3842 1211 3942 substantia.

141 3950 222 4050 Nam
246 3951 307 4018 hoc
329 3953 513 4034 significant
534 3955 567 4019 in
591 3953 661 4019 Deo
691 3972 749 4034 per
779 3947 1011 4025 substantiam,
1039 3947 1125 4028 qnod
1154 3962 1212 4011 nos
