2684 4546
646 242 686 305 22

551 466 689 565 staur
712 491 785 564 ΧΠ.

223 639 302 708 Quod
319 638 387 694 haee
405 648 524 693 summae
542 637 676 691 essentias
693 635 793 691 locutio
811 635 847 691 sit
864 630 968 692 summa
984 634 1108 692 essentia¹

51 800 54 805 -
132 762 221 819 Gens
226 765 357 831 peetus
374 756 514 829 eapitis.
534 787 566 797 -
580 756 689 813 Summa
701 758 852 831 substantia
863 774 913 826 per
926 757 1099 825 semetipsam
1112 757 1205 811 omnis

202 848 274 903 feeit.
309 846 363 901 Per
380 844 530 900 naturalem
547 850 639 899 autem
657 850 685 900 et
702 844 826 899 intimam
843 843 1005 899 locutionem
1023 844 1113 899 omnia
1130 842 1204 898 iecit.

202 934 278 1001 Ergo
296 930 429 987 naturalis
447 932 517 1013 haee
533 930 635 987 loeutio
653 937 695 987 est
712 932 772 1001 ipsa
790 947 896 987 summa
913 931 1073 987 substantia

218 1107 283 1174 Sed
314 1127 386 1174 eum
410 1106 534 1190 pariter
558 1106 684 1171 ratione
717 1106 853 1172 decente
883 1105 926 1171 sit
957 1110 1100 1187 eertum,
1131 1107 1208 1190 quia

133 1213 283 1297 quiequid
313 1232 440 1279 summa
473 1211 657 1278 substantia
688 1209 781 1291 feeit,
817 1230 879 1276 nen
915 1208 992 1276 feeit
1024 1229 1083 1291 per
1118 1209 1206 1275 aliud

131 1336 227 1403 qnam
248 1336 308 1399 per
330 1301 551 1397 semetipsam
580 1322 613 1379 et
631 1315 786 1405 =quiequid
814 1312 907 1395 feeit,
938 1332 996 1396 per
1019 1302 1109 1407 suam
1132 1313 1207 1379 inti·

132 1442 217 1490 mam
240 1423 432 1489 locutionem
455 1418 549 1499 iecit,
581 1419 648 1484 sive
671 1419 798 1501 singula
820 1418 954 1500 singulis
985 1419 1108 1498 verbis,
1139 1418 1207 1484 sive

133 1528 240 1611 petius
264 1546 329 1592 une
352 1525 450 1591 verbe
474 1524 569 1589 simul
586 1525 691 1591 emnia
708 1524 861 1603 dicende,
885 1523 961 1605 quid
978 1523 1080 1604 magis
1096 1541 1206 1589 neces·

134 1632 256 1698 sar-ium
280 1629 382 1696 videri
405 1635 529 1712 potest,
553 1648 649 1713 quam
672 1630 756 1696 hanc
772 1647 915 1695 summae
939 1629 1098 1695 essentiae
1120 1629 1206 1695 loeu-

133 1735 253 1800 tienem
276 1753 340 1800 non
364 1753 435 1800 esse
465 1722 553 1801 aliud
585 1754 681 1819 quam
713 1753 868 1800 summam
903 1732 1100 1800 essentiam?
1134 1733 1206 1799 Non

133 1838 232 1922 igitur
265 1839 467 1921 negligenter
498 1841 769 1923 praetereundam
802 1840 899 1922 hujus
929 1839 1098 1905 locutionis
1133 1858 1208 1905 cen·

135 1943 361 2010 siderationem
385 1951 483 2026 puto:
507 1947 565 2010 sed
588 1945 774 2028 priusquam
799 1945 839 2009 de
862 1943 918 2008 illa
940 1942 1043 2025 pessit
1065 1943 1207 2022 tractari,

137 2047 308 2128 diligenter
331 2049 475 2132 ejusdem
506 2067 649 2131 summae
679 2048 881 2115 substantiae
910 2046 1125 2130 proprietates
1149 2045 1207 2110 ali-

137 2169 217 2234 quas
240 2153 383 2219 studiose
404 2153 648 2235 investigandus
671 2152 826 2219 existimo.

556 2361 696 2428 CAPUT
716 2361 805 2430 XIII.

137 2495 215 2566 Quod
234 2497 307 2555 sieut
325 2498 416 2555 emnia
431 2514 482 2568 per
505 2513 637 2556 summam
662 2499 808 2556 essentiam
834 2499 909 2556 taeta
933 2502 1011 2570 sunt,
1036 2500 1077 2556 ita
1101 2498 1211 2568 vigeant

588 2602 638 2656 per
654 2601 750 2657 ipsam.

131 2708 358 2779 ‚Conspectus
376 2709 516 2779 eapitis.
541 2739 574 2750 -
598 2708 674 2765 Sicut
691 2709 783 2764 emnia
801 2724 872 2778 quae
889 2713 965 2775 sunt,
991 2723 1142 2777 perunum
1160 2710 1209 2765 sli-

207 2794 274 2862 quid
297 2801 375 2871 sunt,
402 2796 475 2864 quod
500 2797 586 2851 selum
606 2800 648 2851 est
664 2811 714 2864 per
727 2795 867 2864 seipsum
893 2796 933 2849 ita
951 2793 1041 2849 omnia
1057 2810 1108 2863 per
1124 2811 1209 2849 unum

171 2864 183 2913 ·'
206 2879 311 2948 aliquid
336 2883 440 2951 rigent,
477 2882 550 2952 qued
575 2882 661 2938 solum
688 2882 760 2951 viget
786 2898 836 2953 per
862 2882 991 2950 seipsum.
1037 2880 1112 2949 Ergo
1139 2880 1210 2936 sieut

209 2964 279 3020 nihil
296 2965 398 3023 fartum
416 2975 459 3024 est
478 2969 531 3024 uisi
549 2985 599 3040 per
624 2969 782 3025 creatricem
806 2968 966 3039 assandam,
991 2969 1030 3024 ita
1049 2968 1118 3024 nihil
1135 2968 1210 3036 viget

208 3055 261 3111 nisi
277 3071 328 3125 per
344 3057 465 3114 eamdem
482 3058 658 3114 servatricem
676 3056 867 3129 praesentiam.
923 3060 926 3075 ²

224 3227 360 3296 Constat
393 3249 467 3312 ergo
502 3250 559 3323 per
593 3249 749 3298 summam
787 3238 950 3298 naturam‘
970 3249 1044 3297 esse
1076 3229 1207 3312 laetum,

137 3332 289 3414 quicquid
304 3352 377 3400 -non
399 3342 449 3400 est
470 3335 555 3400 idem
578 3336 643 3419 illi„
679 3337 820 3402 Dubium
844 3340 953 3400 autem
975 3337 1104 3402 nonnisi
1126 3337 1207 3403 irra-

137 3437 249 3504 tionali
270 3439 371 3505 menti
393 3458 464 3506 esse
487 3446 613 3523 potest,
637 3442 722 3524 quod
747 3444 881 3521 cuneta,
906 3459 989 3525 quae
1012 3440 1207 3524 factasunt,

130 3542 250 3608 eudem
271 3543 341 3624 ipse
365 3545 545 3611 sustinente
561 3547 672 3628 vigent
687 3550 723 3612 et'
734 3552 946 3628 perseverant
961 3567 1031 3614 esse
1055 3548 1208 3630 quamdiu

138 3652 230 3727 sunt,
267 3664 329 3729 quo
360 3646 500 3715 faciente
533 3651 573 3717 de
607 3651 707 3718 nihilo
738 3652 859 3719 habent
897 3672 968 3719 esse
1002 3653 1088 3735 quod
1121 3655 1206 3718 sunt.

133 3751 240 3818 =Simili
277 3770 414 3835 namque
447 3773 507 3836 per
540 3757 648 3827 omnia
680 3759 824 3841 ratione,
858 3777 922 3841 qua
955 3757 1123 3823 collectum
1159 3760 1208 3822 est
1269 3788 1275 3801 .

138 3858 264 3938 emnia,
296 3864 493 3942 quaesunt,
525 3879 596 3929 esse
618 3881 677 3944 per
699 3883 799 3930 unam
822 3863 958 3949 aliquid,
987 3861 1073 3929 ande
1102 3861 1208 3942 ipsum

139 3961 243 4027 solum
266 3967 317 4029 est
338 3980 398 4043 per
419 3964 579 4051 seipsum,
604 3973 637 4035 et
651 3969 714 4035 alia
728 3988 787 4053 per
805 3969 906 4047 aliud3
930 3967 1042 4050 simili,
1065 3968 1206 4051 inquam,
