2684 4546
402 1201 627 1319 aldeli
666 1200 950 1320 ANSELMI

521 1512 819 1580 sauromatas

232 1771 260 1855 ll
288 1771 572 1855 DIVINITATIS
599 1772 822 1858 aasabim
848 1773 1158 1858 habundantii.

557 2061 765 2071 ——-—=

567 2267 773 2322 PRAEFATIO.

237 2422 251 2459 e
269 2405 426 2460 Divinitatis
440 2406 570 2474 essentia,
589 2421 638 2473 per
650 2404 833 2459 meditationis
846 2404 967 2473 modum,
986 2423 1040 2462 non
1053 2407 1209 2478 Scripturas

186 2478 189 2486 '
219 2495 299 2548 nate
325 2494 373 2548 seo
401 2493 534 2547 rationum
569 2492 712 2547 momentis
738 2492 784 2544 aa
811 2493 919 2547 disserit
945 2494 1098 2551 nutemus.
1133 2495 1210 2551 urm

171 2612 174 2617 ,
219 2622 225 2649 ,
254 2580 326 2649 quod
351 2587 504 2636 sanctorum
522 2587 629 2649 patrum
649 2588 676 2634 et
693 2581 809 2634 maxime
834 2580 907 2635 beati
926 2582 1074 2648 Augustini
1098 2584 1209 2652 scriptis

219 2667 369 2721 cohaereat.
406 2669 472 2721 Cum
499 2667 579 2735 dixit,
606 2666 767 2720 Trinitatem
792 2681 870 2733 posse
898 2665 952 2719 dici
970 2672 1026 2722 tres
1044 2669 1210 2724 substantiae

167 2824 175 2835 ν
209 2757 248 2823 6),
267 2754 320 2808 hoo
338 2760 379 2808 est
395 2761 452 2809 tres
470 2768 613 2822 personae,
631 2768 693 2806 cum
713 2751 824 2806 Graecis
841 2752 948 2808 locutus
966 2759 1016 2810 est.

227 2911 361 2987 Quidam
386 2909 502 2976 fratres
533 2929 631 2992 saepe
662 2927 712 2973 me
744 2909 949 2991 studioseque
970 2912 1093 2992 precati
1121 2919 1208 2994 sunt,

222 3015 356 3076 uaedam
380 3033 461 3094 quae
485 3015 548 3079 illis
572 3015 611 3079 de
643 3015 826 3079 meditanda
848 3015 1034 3079 Divinitatis
1058 3018 1208 3096 essentia,

151 3110 175 3189 ἐξ
218 3115 387 3180 uibusdam
411 3117 482 3180 aliis
497 3117 571 3182 huio
587 3118 785 3184 meditationi
810 3117 1066 3198 cohaerentibus,
1089 3120 1208 3186 usitato

225 3237 286 3284 one
309 3220 518 3302 colloquendo
541 3222 751 3302 protuleram,
785 3223 844 3288 sub
878 3221 1017 3304 quodam
1041 3224 1086 3288 eis
1109 3224 1208 3289 medi·

130 3284 141 3375 ³
199 3324 269 3389 onis
292 3326 436 3407 exemplo
470 3325 692 3409 describerem.
738 3326 837 3409 Cujus
868 3325 989 3393 scilicet
1019 3327 1209 3394 scribendae

139 3448 170 3493 m
213 3429 356 3493 itationis
390 3431 491 3511 magis
525 3430 701 3497 secundum
735 3447 825 3494 suam
860 3430 1074 3511 voluntatem,
1112 3451 1208 3514 quam

139 3532 312 3597 secundum
338 3533 385 3597 rei
409 3532 594 3599 facilitatem
618 3538 675 3598 aut
704 3552 807 3598 meam
830 3536 1092 3617 possibilitatem,
1125 3538 1208 3602 hanc

138 3636 214 3700 mihi
244 3635 379 3703 formam
408 3638 679 3717 praestituerunt:
715 3639 875 3717 quatenus
909 3641 1101 3706 auctoritate
1124 3641 1208 3707 Sori-

137 3749 253 3820 pturae
275 3740 404 3822 penitus
432 3739 509 3806 nihil
539 3741 573 3803 in
605 3759 643 3805 ea
673 3743 938 3822 persuaderetur3
969 3731 1026 3810 sed
1057 3745 1207 3827 quicquid

137 3861 196 3925 per
226 3845 370 3927 singulas
398 3845 661 3926 investigationes
683 3845 755 3913 finis
789 3853 967 3930 assereret,
1002 3849 1035 3914 id
1058 3849 1104 3913 ita
1128 3867 1238 3941 esse„

136 3946 234 4028 plano
259 3950 340 4031 stylo
364 3956 396 4016 et
418 3951 606 4031 vulgaribus
629 3954 843 4035 argumentis,
875 3953 1075 4036 simplicique
1098 3954 1206 4035 dispu-

980 4066 995 4124 l
