2684 4546
650 247 711 311 135
798 310 801 315 .

150 417 220 485 sont
252 415 441 501 incitatione
472 415 578 485 nutent
617 437 681 485 nen
720 437 809 484 esse:
845 422 875 485 et
906 417 963 486 doc
995 439 1113 490 uersus
1144 441 1208 490 nnn

150 524 279 591 aliunde
308 522 485 607 probetur,
526 544 622 607 quum
664 544 698 590 33
734 525 825 606 cuso,
872 526 957 608 quod
1003 523 1100 592 aliter
1144 548 1209 594 nou

149 630 212 695 erit
247 630 392 694 erunibus
429 629 550 711 rudius,
597 629 681 695 idern
716 630 825 710 insuru
856 631 966 711 possit
1001 632 1121 713 referre
1156 655 1207 702 re-

148 753 302 815 sponsum
335 739 365 800 et
392 733 504 801 dicere.
564 733 771 816 Qnundouurn
799 755 853 818 eqo
884 737 934 802 rei
970 739 1104 804 ueritate
1139 758 1208 805 esse

149 837 212 904 tute
238 837 377 922 aliquid,
410 839 466 907 dcc
498 845 562 919 est,
594 841 701 924 nujus
723 841 884 922 nundus,
912 841 1002 908 dini:
1034 849 1071 909 ut
1092 864 1131 909 erc
1151 845 1208 912 icc
1256 842 1258 846 ’

148 943 228 1010 ruini
249 945 359 1011 debeat
373 945 512 1027 33οό333·
533 947 570 1010 in
591 950 714 1012 tanturn
741 947 838 1012 etiuru
866 948 979 1030 333333
999 948 1036 1013 id
1057 967 1142 1028 3333,
1171 954 1209 1016 ut

148 1050 328 1130 3331333333
349 1050 485 1132 nocituri
506 1069 570 1115 nou
591 1043 688 1115 esse?
714 1048 916 1134 Quapropter
938 1053 1114 1120 certissimo
1131 1055 1207 1138 pri·

147 1155 245 1239 cuitus
266 1155 374 1238 utiquo
389 1155 594 1238 probunduu
615 1160 663 1219 est
683 1162 877 1239 urcuncnto,
899 1157 1042 1240 utiquuru
1062 1161 1207 1243 suneric-

147 1279 229 1341 reru,
257 1261 314 1326 troc
335 1265 401 1340 est,
430 1261 582 1344 udinem
602 1279 641 1327 uc
660 1258 822 1327 redicrent
841 1263 998 1341 crnniurn,
1020 1285 1100 1347 quue
1122 1273 1207 1348 sunt,

146 1385 216 1432 3333
238 1369 403 1443 nctururn,
425 1369 462 1429 ut
484 1382 523 1430 33
544 1362 618 1444 doc,
641 1360 710 1430 utic
724 1360 796 1448 jum
812 1363 981 1447 possimus
1003 1370 1111 1435 cruniu
1125 1391 1207 1453 pro-

47 1484 49 1495 ·
147 1470 231 1549 ture,
253 1469 370 1554 quibus
391 1489 516 1535 necesse
537 1474 586 1536 est
613 1469 705 1549 ittud,
728 1470 812 1552 quod
838 1472 944 1554 nujus
966 1493 1003 1538 uc
1024 1472 1138 1540 metius
1159 1481 1208 1542 est

146 1575 308 1654 erunibus,
339 1594 403 1640 non
425 1594 542 1643 curere
590 1573 671 1643 Ouru
700 1581 806 1643 uiden
837 1575 958 1643 dieitur
978 1577 1063 1660 quod
1083 1598 1207 1647 sururuu

146 1699 198 1745 res
220 1680 287 1745 istu
308 1699 372 1745 non
385 1699 454 1745 esse
468 1684 602 1763 nequent
616 1680 770 1764 cenitari,
791 1680 906 1747 rudius
924 1682 1066 1763 fortusse
1086 1684 1217 1751 dicere--

146 1792 200 1852 tur
221 1786 305 1868 quod
325 1806 389 1851 ncn
411 1805 498 1866 esse,
521 1791 578 1852 unt
591 1788 688 1852 etium
703 1807 804 1870 posse
825 1807 889 1854 ncn
910 1809 995 1867 esse,
1017 1809 1081 1855 non
1095 1791 1207 1872 possit

145 1888 301 1974 rutediui:
330 1907 405 1957 nuru
425 1888 597 1958 secundun
615 1892 846 1975 proprietatem
877 1890 967 1960 ruti
993 1894 1094 1961 istius
1116 1892 1209 1976 fulcu

145 2001 302 2081 nequeunt
323 1995 479 2081 intedi9i;
501 2018 581 2081 quae
597 2003 741 2081 possunt
761 1999 870 2093 ntique
891 2019 926 2064 eo
948 1999 1038 2066 ruodo
1061 2002 1206 2085 cocituri,

146 2124 206 2187 quo
228 2100 333 2169 Deuuc
360 2123 423 2168 ncn
453 2122 539 2183 3333,
569 2104 732 2186 inunum
762 2104 929 2189 coqitwit:
959 2111 990 2172 et
1016 2127 1064 2173 rue
1084 2129 1206 2192 quoque

146 2230 215 2276 3333
237 2210 412 2276 certissime
445 2211 526 2288 seio,
558 2209 615 2274 sed
641 2215 671 2275 et
696 2229 796 2291 nosse
824 2228 888 2275 ncn
908 2230 977 2277 esse
997 2211 1207 2280 nihilominus

47 2356 51 2363 -
146 2316 234 2395 sei0‚·
255 2333 411 2380 surnrnuru
431 2335 504 2380 nero
522 2314 613 2398 illud,
635 2316 720 2399 quod
740 2320 790 2380 est
802 2313 912 2399 Deus,
934 2321 964 2383 et
985 2336 1070 2396 esse,
1092 2322 1122 2382 et
1143 2338 1207 2384 ncn

146 2440 300 2486 essenon
325 2439 441 2501 posse,
471 2419 691 2486 indubitanter
721 2421 873 2505 intediyo.
923 2419 1071 2506 deuitare
1102 2429 1206 2490 uuteru

13 2574 16 2587 .
145 2545 193 2590 rue
213 2544 277 2589 ncn
299 2543 384 2605 esse,
407 2526 560 2609 quurndiu
581 2546 651 2593 esse
665 2529 843 2594 certissime
864 2529 949 2609 scio,
971 2529 1076 2594 nescio
1098 2534 1206 2596 utruru

140 2631 286 2713 possin·
306 2630 363 2698 sed
385 2632 416 2698 si
431 2651 584 2715 possein,
606 2653 664 2698 eur
683 2652 748 2699 nen
767 2638 798 2698 et
811 2634 964 2718 quoquc
986 2633 1082 2700 uliud
1098 2635 1206 2702 euderu

145 2736 334 2803 certitudine
356 2737 450 2804 scio?
485 2736 525 2806 Si
546 2743 651 2806 autern
678 2759 743 2806 non
765 2758 919 2822 possuit,
951 2758 1015 2807 333
1046 2740 1108 2807 erit
1133 2741 1206 2825 jum

145 2844 235 2909 istud
250 2843 426 2926 preprium
446 2841 526 2909 Deo.
876 2834 879 2840 ’

231 2950 261 3011 8.
300 2944 434 3015 Oucteru
455 2946 556 3014 ticeni·
576 2946 670 3014 tinus
697 2952 764 3014 tum
789 2948 946 3016 cerenici·
973 2951 1004 3016 ei
1024 2953 1090 3016 tum
1105 2962 1205 3032 prac-
1284 2956 1289 2964 ’

145 3052 230 3119 dure
252 3058 329 3119 sunt
355 3055 581 3137 muynidceque
609 3055 767 3133 disserta,
801 3058 892 3120 tuntu
923 3053 1058 3136 denique
1086 3055 1206 3136 referta

144 3158 302 3238 utilitate,
333 3163 364 3225 et
389 3160 446 3241 pii
473 3179 510 3224 uc
539 3160 646 3225 suun
665 3159 797 3241 affectus
819 3160 935 3257 iutirno‘
953 3160 1090 3243 quodum
1111 3161 1207 3228 odore

141 3265 345 3349 triturantia,
377 3270 414 3330 ut
431 3263 538 3351 nudo.
557 3264 647 3331 nudo
669 3270 812 3351 propter
828 3262 905 3345 dtu,
926 3278 1007 3349 quae
1028 3265 1065 3330 in
1097 3266 1205 3355 initiis

144 3374 225 3434 recte
248 3370 374 3452 quiden
395 3390 506 3450 sensu,
529 3371 586 3439 sed
605 3371 713 3438 ruinus
726 3371 863 3454 truciter
878 3377 1098 3455 aruumerdutu
1119 3378 1204 3454 sunt,

144 3473 211 3540 istu
233 3474 301 3539 sint
322 3476 560 3555 contemnenda,
590 3475 727 3541 sedilia
743 3477 857 3557 potius
879 3478 1132 3561 uryurnentundu
1152 3498 1204 3544 ro-

144 3577 287 3657 bustius,
317 3599 355 3646 uc
381 3581 489 3646 omniu
510 3578 580 3646 euru
600 3581 724 3665 inuenti
743 3584 944 3650 veneratione
963 3589 995 3651 ct
1016 3583 1111 3650 lucide
1131 3602 1203 3650 sus·

144 3683 301 3768 unienda.
