2684 4546
650 273 692 336 89

133 447 200 510 mm
235 442 311 509 milri
345 461 416 509 eam
450 442 628 510 ostendunt
648 460 709 524 per
729 441 982 524 proprietatem,
1017 458 1114 524 quam
1147 460 1208 525 per

133 548 273 632 aliquam
302 549 444 615 inuuunt
473 547 725 615 similitudinem.
770 547 897 613 Etenim
923 564 995 612 oum
1023 546 1207 613 earumdem

133 671 247 719 vocum
269 652 519 735 significationes
550 653 667 736 cogito,
689 651 892 718 iamiliarius
922 650 1067 733 concipio
1089 656 1207 733 mente,

134 759 219 843 quod
248 758 281 824 in
313 760 411 826 rebus
444 757 538 825 factis
573 757 750 840 conspicio,
783 775 880 840 quum
909 756 943 823 id
972 757 1057 838 qnod
1072 774 1207 823 omnem

133 862 310 957 humanum
331 864 530 932 intellectum
559 862 790 951 transcendero
821 861 986 942 intelligo.-
1017 880 1090 928 uam
1113 860 1209 928 raldo

135 969 240 1036 minus
264 969 404 1053 aliquid,
435 971 531 1036 immo
554 968 650 1052 longe
672 968 760 1035 aliud
782 966 947 1034 iumento
970 985 1042 1033 mea
1064 984 1123 1031 sua
1146 965 1208 1045 sig·

136 1073 315 1140 nificatione
339 1075 555 1155 constituunt,
578 1092 673 1157 quam
696 1074 739 1138 sit
760 1074 839 1139 illud
856 1073 897 1138 ad
920 1074 1005 1155 quod
1026 1071 1209 1152 intelligen-

135 1178 211 1244 dum
245 1198 304 1262 ρετ
336 1180 419 1245 hanc
450 1185 581 1245 tenuem
616 1176 881 1259 significationem
914 1194 1005 1243 mens
1035 1177 1107 1259 ipsa
1137 1193 1210 1242 mea

136 1288 273 1349 conatur
291 1283 456 1366 proficere.
500 1285 583 1350 Nam
612 1303 671 1350 neo
694 1301 810 1350 nomen
826 1282 1018 1364 sapientiae
1040 1280 1118 1347 milri
1141 1277 1208 1346 sut·

136 1386 201 1455 licit
223 1390 395 1457 ostendero
417 1391 513 1471 illud,
537 1409 597 1474 per
612 1389 698 1473 quod
714 1388 824 1479 omnia
837 1386 924 1455 iacta
939 1389 1015 1452 sunt
1038 1384 1078 1450 de
1101 1383 1210 1466 nihilo,

136 1495 549 1573 etservanturanihi103
585 1513 644 1561 neo
678 1511 794 1559 nomen
825 1491 985 1558 essentiae
1016 1487 1093 1555 mihi
1121 1485 1210 1553 ualet

137 1598 316 1679 exprimere
338 1600 434 1681 illud,
465 1600 551 1683 quod
579 1618 648 1680 per·
671 1596 866 1679 singularem
889 1594 1091 1662 altitudinem
1112 1591 1220 1671 longe.

136 1706 187 1767 ast
218 1721 319 1784 supra
353 1705 477 1784 omnia,
510 1710 543 1769 et
571 1722 630 1785 ρετ
660 1703 839 1770 naturalem
862 1702 1092 1785 proprietatem
1116 1695 1210 1763 valde

137 1811 187 1873 εει
209 1815 301 1874 extra
324 1809 439 1875 omnia.
483 1808 536 1876 Sic
559 1827 634 1892 ergo
665 1807 721 1874 illu
750 1813 868 1874 natura
891 1810 923 1873 et
944 1802 1117 1871 ineffabilis
1140 1806 1208 1880 eat;

136 1912 212 1995 quia
234 1930 294 1993 per
316 1915 432 1994 rerba,
466 1915 561 1982 sicuti
595 1919 646 1981 est
670 1912 855 1980 nullatenus
877 1911 964 1979 valet
985 1908 1144 1977 intimari:
1175 1911 1211 1973 et

136 2014 252 2083 falsum
275 2037 338 2084 non
362 2025 430 2100 εει,
464 2020 492 2087 si
525 2020 604 2104 quid
632 2011 673 2085 de'
703 2018 775 2100 illa,
806 2019 933 2085 ratione
966 2017 1120 2095 docente,
1151 2029 1211 2095 ρετ

138 2121 225 2189 aliud
247 2124 337 2190 velut
358 2125 391 2190 in
415 2122 597 2206 aenigmate
619 2129 728 2207 potest
750 2122 922 2189 aestimari.

535 2384 675 2452 CAPUT
698 2383 812 2452 LXVI.

139 2519 217 2591 Quod
235 2536 285 2593 ρετ
302 2521 460 2578 rationalem
484 2527 600 2579 mentam
624 2522 741 2577 maxime
767 2519 914 2577 accedatur
937 2519 972 2576 ad
996 2515 1211 2588 cognoscendum

523 2625 654 2667 summam
671 2611 822 2666 amentiam.

139 2735 358 2804 conspectus
392 2735 532 2804 capitis.
566 2763 599 2776 -
634 2733 711 2790 Nihil
735 2734 827 2804 itaque
855 2732 889 2789 da
917 2730 967 2788 illa
995 2736 1095 2787 natura
1121 2730 1213 2796 potest

208 2824 312 2894 percipi
338 2839 388 2893 per
414 2808 624 2894 proprietatem,
654 2821 702 2878 sed
729 2837 779 2891 per
805 2819 889 2876 aliud.
919 2821 1002 2893 ‚Ergo
1028 2821 1105 2872 tanto
1130 2812 1212 2869 altius

210 2910 329 2972 creatrix
357 2912 474 2967 essentia
501 2911 685 2982 cognoscitur,
713 2916 813 2979 quanto
838 2924 889 2979 per
913 2907 1134 2979 propinquiorem
1159 2902 1212 2973 ipsi

212 3001 364 3051 creaturam
380 2997 533 3066 indagatur.
570 2996 646 3052 Sicut
663 2997 755 3065 itaque
773 2995 831 3051 sola
847 3008 923 3049 meus
942 2993 1082 3049 rationalis
1100 2991 1135 3046 ad
1153 2992 1212 3061 ejus

199 3072 447 3153 'investigationem
466 3099 609 3154 assurgere
626 3076 712 3152 valet,
736 3082 775 3137 ita
793 3080 886 3136 eadem
904 3080 963 3137 sola
979 3084 1035 3149 est,
1058 3093 1108 3148 per
1130 3093 1212 3147 quam

210 3171 326 3227 maxime
342 3173 458 3241 ipsamet
468 3171 503 3226 ad
517 3172 576 3241 ejus
594 3171 784 3226 inventionem
792 3168 925 3240 prolicere
942 3173 1040 3239 queat:
1058 3167 1123 3236 quia
1146 3165 1213 3224 haeo

210 3260 252 3316 illi
270 3261 386 3316 maxime
411 3260 585 3330 propinquat.
619 3258 698 3316 Unde
722 3265 824 3329 quanto
847 3257 996 3313 studiosius
1019 3269 1095 3310 mens
1122 3252 1158 3308 ad
1184 3267 1213 3311 so

211 3344 367 3403 discendum
391 3350 522 3418 intendit,
547 3355 624 3405 tanto
643 3348 780 3406 efficacius
799 3347 834 3403 ad
850 3347 923 3404 illius
941 3360 1060 3403 summae
1079 3342 1212 3402 essentias

211 3436 392 3505 cognitionem
419 3438 556 3492 ascendit:
585 3442 613 3493 ει
637 3443 739 3506 quanto
765 3450 795 3491 se
820 3435 921 3491 intueri
946 3433 1075 3504 negligit,
1101 3439 1213 3489 tauma

212 3521 352 3578 meotricis
370 3526 503 3580 essentiae
520 3525 704 3594 speculatione
722 3531 750 3580 ει
767 3523 868 3578 intuitu
886 3522 1031 3579 descendit.

229 3694 308 3766 Cum
333 3690 432 3785 igitur
453 3701 581 3780 pateat,
615 3698 691 3781 quia
718 3696 795 3762 nihil
827 3697 949 3764 dehac
972 3699 1089 3761 natura
1110 3695 1213 3778 possit

142 3804 263 3887 percipi
279 3823 337 3887 ρετ
360 3822 451 3871 suam
473 3802 717 3885 proprietatem,
741 3803 798 3867 sed
812 3820 872 3882 per
887 3800 991 3877 aliud,
1016 3803 1135 3864 certum
1153 3803 1212 3880 est,
1292 3864 1295 3869 .

125 3905 219 3991 ¹quia
241 3926 300 3990 per
322 3908 402 3975 illud
425 3907 526 3988 magis
543 3907 583 3970 ad
601 3906 670 3988 ejus
695 3905 907 3983 cognitionem
930 3901 1103 3983 acceditur,
1126 3904 1212 3987 quod

142 4013 190 4079 illi
213 4013 316 4098 magis
336 4032 396 4097 per
425 4011 666 4080 similitudinem
692 4009 899 4093 propinquat.
945 4006 1102 4091 Quicquid
1126 4008 1211 4075 enim
