2684 4546
657 278 699 340 97

143 449 386 512 contemnentes
405 433 602 528 judicandae
624 444 706 525 sint,
730 444 813 509 sicut
828 461 899 510 esse
914 444 1065 512 videntur
1088 450 1214 517 animae

142 546 321 632 infantum,
352 549 429 631 quid
460 549 501 614 de
530 548 580 614 his
603 548 807 614 sentiendum
831 548 903 614 est?
941 549 1025 616 Sunt
1053 553 1214 634 mortales

142 669 185 717 an
207 652 425 719 immortales?
464 651 527 720 Sed
559 654 671 735 procul
701 653 796 720 dubio
813 642 939 719 'omnes
962 654 1122 721 hnmanae
1145 658 1214 722 ani·

141 775 213 822 mae
247 758 390 840 ejusdem
428 760 564 823 naturae
601 763 686 823 sunt
739 758 864 839 Quare,
901 758 1052 841 qnoniam
1089 765 1215 826 constat

141 863 298 945 quasdam
321 881 392 928 esse
414 863 630 945 immortales,
662 882 794 930 necesse
818 867 867 929 est
890 882 1016 931 omnem
1039 864 1214 931 humanam

75 1012 78 1017 -
141 967 280 1032 animam
305 985 376 1033 esse
397 968 618 1035 immortalem.
663 967 799 1050 Verum,
823 987 894 1034 cum
917 988 1012 1034 omne
1027 969 1112 1051 qnod
1135 970 1215 1035 vivit

141 1077 198 1136 aut
219 1087 401 1155 nunqnam,
431 1076 488 1136 aut
520 1071 692 1154 aliqnando
716 1073 758 1137 sit
787 1090 864 1137 vere
893 1090 1039 1138 securum
1064 1075 1104 1139 ah
1128 1073 1214 1140 omni

140 1176 307 1255 molestia;
337 1176 542 1242 nihilominus
573 1181 623 1242 est
645 1194 777 1243 necesse
800 1194 926 1242 omnem
948 1176 1121 1243 humanam
1145 1178 1213 1243 ani·

141 1298 225 1347 mam
258 1286 315 1346 aut
349 1299 477 1362 semper
511 1280 661 1347 miseram
702 1298 791 1361 esse,
837 1284 894 1346 aut
933 1281 1104 1363 aliqnando
1138 1301 1215 1350 vere

140 1386 278 1452 beatam.

524 1764 662 1832 CAPUT
684 1763 830 1830 LXXIII.

142 1918 220 1987 Quod
244 1917 319 1973 nulla
342 1919 432 1974 anima
453 1919 554 1989 injuste
580 1921 702 1989 privetur
726 1935 829 1975 summo
856 1919 940 1990 bonoq
968 1926 996 1976 et
1014 1914 1086 1988 quod
1103 1921 1212 1977 omnino

494 2005 528 2060 ad
545 2007 635 2075 ipsum
652 2006 689 2061 sit
706 2006 856 2061 nitendum.
921 2051 926 2059 .

141 2128 359 2196 conspectus
389 2127 529 2196 capitis.
561 2158 596 2169 -
626 2128 702 2196 Quae
719 2133 810 2183 antem
828 2128 884 2182 sint
901 2128 1007 2182 animae
1024 2129 1064 2183 sic
1082 2136 1212 2198 amantes,

210 2222 245 2283 ιιι,
257 2215 404 2286 aliquando
421 2216 533 2285 beatae;
551 2221 599 2271 aut
611 2216 650 2271 sic
662 2220 878 2282 contemnentes,
898 2215 1084 2283 utaliquando
1096 2216 1211 2270 miserae

206 2301 313 2359 futurae
331 2305 400 2372 nint,
418 2300 611 2371 comprehendi
628 2317 682 2356 non
695 2305 786 2369 potest
802 2300 836 2354 ab
855 2300 971 2355 homine.
998 2298 1120 2354 Sufficiat
1137 2299 1210 2369 qnod

205 2406 309 2446 summe
322 2391 412 2460 justus
430 2389 564 2445 neminem
592 2389 694 2459 injuste
719 2387 810 2456 privet
834 2402 937 2461 summo
964 2387 1043 2441 hono.
1078 2386 1124 2441 Ad
1143 2385 1210 2440 illud

204 2477 297 2545 itaque
314 2479 387 2532 omni
404 2478 506 2532 homini
523 2482 580 2532 toto
599 2475 696 2546 corde,
714 2480 773 2532 tota
791 2475 893 2546 anima,
910 2482 969 2532 tota
985 2481 1076 2531 mento
1094 2473 1209 2531 amando

206 2569 234 2619 et
253 2563 432 2622 desiderando
450 2563 594 2620 nitendum
613 2569 661 2619 est

223 2740 312 2820 Quae
335 2758 410 2806 vero
434 2741 560 2807 animae
582 2741 808 2806 incunctanter
827 2737 1021 2821 judicandae
1045 2739 1130 2818 sint,
1161 2740 1208 2805 sic

136 2849 283 2908 amantes
315 2844 364 2923 id,
397 2843 438 2908 ad
454 2846 558 2927 ‘qnod
588 2846 762 2911 amandum
794 2843 901 2911 tactae
944 2848 1036 2922 sunt,
1081 2848 1118 2907 ιιι
1152 2843 1208 2909 iilo

135 2945 329 3029 quandoque
359 2944 439 3026 frni3
473 2967 557 3030 quae
588 2956 697 3016 autem
720 2950 767 3016 sic
790 2934 1050 3027 contemnentem
1086 2953 1122 3012 ut
1154 2947 1208 3012 illo

136 3066 263 3130 semper
285 3048 430 3131 indigere
451 3056 653 3133 mereantnr;
688 3058 745 3120 aut
776 3053 930 3136 qualiter,
965 3069 1069 3134 quove
1092 3053 1207 3116 merito
1314 3085 1317 3093 ·

134 3151 228 3233 iliae,
258 3172 342 3237 qnae
365 3171 425 3220 nec
447 3161 593 3221 amantes
617 3176 677 3223 nec
699 3162 940 3225 contemnentes
963 3158 1023 3223 dici
1046 3167 1141 3238 posse
1163 3157 1209 3222 vi·

136 3256 266 3338 dentur,
291 3259 333 3325 ad
354 3260 588 3343 beatitudinem
609 3267 775 3328 aeternam
791 3264 991 3330 miseriamve
1014 3248 1208 3328 distribuan-

68 3359 77 3368 “
135 3364 204 3440 tur,
228 3361 368 3444 aliquem
392 3366 578 3432 mortalinm'
591 3367 785 3449 disputando
807 3388 905 3450 posse
928 3367 1207 3450 comprehendere,

134 3464 247 3546 procul
276 3464 373 3531 dubio
408 3470 459 3534 vel
492 3469 714 3537 difficillimum
744 3472 795 3537 vel
824 3473 1022 3555 impossihile
1052 3473 1206 3538 existimo.

136 3569 229 3649 Quod
260 3574 423 3637 tamen‘a
454 3590 576 3638 summe
606 3575 695 3656 justo
727 3592 915 3657 summeque
947 3579 1031 3643 hono
1065 3582 1208 3643 creatore
1266 3632 1271 3642 s

120 3693 241 3743 ,rernm
267 3674 358 3740 nulla
381 3695 418 3742 eo
441 3676 540 3757 hono,
571 3677 612 3741 ad
636 3679 721 3758 quod
743 3677 831 3744 facta
862 3684 926 3758 est,
958 3681 1079 3764 injuste
1102 3683 1207 3764 prive·
1283 3764 1287 3770 ι

134 3785 204 3861 tur,
228 3781 480 3849 certissimeest
509 3781 702 3864 tenendum3
734 3783 831 3849 etad
854 3782 1066 3864 idemipsum
1089 3786 1206 3851 bonum

136 3888 186 3950 est
218 3886 305 3949 omni
337 3885 457 3952 homini
490 3889 558 3953 toto
592 3884 703 3964 corde,
736 3889 806 3952 tota
840 3886 965 3965 anima,
997 3891 1067 3950 tota
1099 3893 1207 3952 mente

135 3987 274 4054 amando
297 3993 330 4055 et
352 3989 566 4058 desiderando
590 3988 766 4055 nitendum.
797 4020 801 4026 ·
884 4022 888 4033 ι
1132 3981 1140 3986 ’

979 4099 997 4157 7
