2684 4546
649 260 689 321 77

132 425 294 495 dissimilis
318 424 360 491 sit
381 423 459 503 illis,
490 425 547 489 sed
579 426 706 493 omnino
735 424 821 492 idem
844 423 886 491 sit
907 428 993 509 quod
1023 428 1085 496 illi:
1101 430 1208 496 'num-

112 529 210 615 ‘quid
231 528 349 609 Filius,
365 547 494 609 eorum,
527 535 584 596 aut
613 530 739 612 proles,
780 529 1003 598 aestimandus
1035 535 1108 599 est?
1142 535 1207 601 Sed

133 636 218 701 sicut
233 633 391 712 Verbum,
415 652 487 698 mox
509 640 546 697 ut
562 633 802 714 consideratur,
825 651 861 700 se
886 635 1010 716 prolem
1033 655 1104 702 esse
1128 638 1208 721 eJus,

134 755 240 821 aquo
263 741 332 816 est,
364 737 601 805 evidentissime
624 741 756 821 probat,
789 745 969 821 promptam
992 740 1206 823 praeferendo

133 843 281 927 parentis
311 842 498 926 imaginem
533 844 580 910 sic
613 862 702 910 amor
733 851 844 926 aperte
874 863 909 910 se
938 847 1061 927 prolem
1091 851 1209 927 negat3

73 980 77 993 ·
135 948 210 1030 quia
234 948 308 1013 dum
341 947 487 1013 a·Patre
521 953 554 1012 et
580 933 667 1014 ‘Filio
698 949 874 1032 procedere
908 950 1113 1033 intelligitur,
1145 970 1210 1029 non

136 1054 245 1119 statim
269 1058 334 1118 tam
356 1053 558 1133 perspicuam
583 1053 713 1120 exhibet
744 1072 779 1118 se
809 1055 1038 1137 contemplanti
1061 1055 1148 1137 ejus,
1171 1074 1211 1121 ex
1270 1087 1276 1102 x

136 1176 199 1240 quo
223 1162 289 1238 est,
321 1156 577 1239 similitudinem,
607 1159 752 1240 quamvis
775 1159 880 1240 ipsum
903 1159 1107 1227 considerata
1128 1160 1210 1225 ratio

137 1263 252 1328 doceat
274 1263 404 1328 omnino
432 1262 572 1342 idipsum
603 1279 692 1343 esse,
726 1263 811 1345 quod
840 1267 890 1327 est
912 1263 1008 1328 Pater
1039 1268 1072 1329 et
1101 1265 1210 1329 Filius.
1271 1316 1278 1323 .

137 1367 285 1450 Denique
308 1368 336 1431 si
358 1367 465 1448 proles
490 1385 600 1432 eorum
624 1371 689 1447 est,
714 1373 771 1432 aut
793 1367 876 1432 alter
900 1385 1010 1432 eorum
1035 1369 1096 1433 erit
1118 1373 1212 1450 pater

139 1473 227 1556 ejus,
263 1471 346 1537 alter
369 1476 489 1550 mater;
525 1476 581 1536 aut
603 1476 739 1554 uterque
762 1475 873 1552 pater,
908 1471 976 1536 sive
1008 1477 1111 1536 mater
1141 1476 1211 1536 est:

138 1568 222 1659 quae
245 1575 352 1642 omnia
374 1575 504 1641 veritati
527 1594 708 1658 repugnare
738 1576 900 1641 videntur.
945 1576 1099 1654 Quoniam
1124 1594 1212 1641 nam·

139 1684 202 1764 q'ue
233 1682 417 1747 nullatenus
449 1681 542 1746 aliter
573 1699 593 1745 a
621 1681 718 1762 Patre
751 1679 913 1763 procedit,
946 1698 1042 1762 qnam
1064 1700 1092 1749 ‚a
1114 1679 1212 1758 Fili03

128 1785 230 1871 ¹nulla
252 1785 372 1853 veritas
394 1784 526 1866 patitur,
549 1790 586 1849 ut
600 1783 747 1850 dissimili
763 1784 919 1852 vocabulo
942 1786 982 1850 ad
1005 1785 1095 1850 illum
1116 1784 1214 1849 Pater

141 1895 174 1956 et
195 1890 304 1956 Filius*
319 1889 519 1956 referantur:
544 1909 609 1955 non
633 1895 682 1955 est
703 1890 801 1970 igitur
817 1890 901 1954 alter
915 1894 1008 1970 pater
1030 1890 1110 1971 ojus,
1134 1889 1215 1954 alter

128 2000 254 2061 mater.
298 1995 343 2061 Ut
366 2000 473 2060 autem
498 1994 691 2077 ducalique
716 1994 796 2074 sint,
827 2012 911 2077 quae
942 1993 1070 2074 singula
1091 1991 1215 2075 perlec-

141 2106 222 2180 tam,
254 2106 286 2164 et
308 2099 396 2165 nulla
420 2099 677 2165 consideratione
701 2097 902 2164 differentem
926 2094 1077 2164 habeant
1090 2098 1215 2179 pariter

140 2204 182 2269 ad
206 2204 322 2288 aliquid
347 2223 465 2284 unum,
495 2205 598 2284 patris
629 2210 685 2270 aut
716 2205 827 2269 matris
851 2204 1103 2285 habitudinem,
1124 2203 1215 2268 nulla
1260 2218 1263 2223 ’

141 2313 258 2393 natura
280 2309 388 2391 aliquo
411 2308 585 2373 monstrari
608 2308 754 2374 concedit
770 2309 923 2390 exemplo.
968 2307 1054 2388 Ergo
1077 2325 1142 2373 non
1165 2311 1215 2373 est

142 2418 296 2495 uterque,
320 2414 440 2480 scilicet
456 2412 554 2478 Pater
578 2417 611 2478 et
633 2413 752 2492 Filius,
775 2417 868 2494 pater
891 2418 948 2478 aut
970 2420 1073 2479 mater
1095 2413 1213 2477 amoris

142 2536 220 2584 ase
242 2519 418 2585 manantis
458 2519 668 2602 Nequaquam
702 2517 811 2601 itaque
840 2518 968 2583 videtur
990 2518 1118 2583 veritati
1141 2534 1215 2584 con·

142 2623 272 2704 venire,
295 2629 332 2689 ut
354 2623 437 2689 idem
460 2642 549 2689 emor
572 2622 788 2707 eorumdum
810 2622 853 2688 sit
875 2629 931 2688 aut
953 2624 1072 2703 proles.

553 2832 691 2900 CAPUT
714 2830 796 2898 LVI.

144 2971 224 3040 Quod
251 2971 324 3027 solus
342 2973 424 3029 Pater
450 2974 488 3029 sit
514 2975 636 3043 genitor,
664 2977 692 3030 et
708 2974 862 3042 ingenitum
889 2972 962 3028 solus
986 2969 1072 3027 Filius
1101 2970 1216 3037 genitus,
1288 3017 1297 3029 ,

381 3060 456 3115 solus
473 3075 617 3116 amornec
635 3061 756 3130 genitus,
773 3077 827 3116 neo
843 3061 990 3131 ingenitus.

145 3179 365 3247 Conspectus
383 3178 524 3247 capitis.
544 3205 577 3219 ,-
596 3180 671 3250 Ergo
694 3194 770 3236 emor
786 3184 839 3238 iste
856 3198 912 3237 non
929 3185 1019 3251 potest
1036 3171 1146 3248 proprie
1164 3177 1218 3231 dici

215 3265 339 3336 genitus,
358 3266 429 3322 sicut
442 3267 575 3325 Verbum:
594 3268 641 3323 sed
659 3285 709 3324 nee
727 3271 835 3326 omnino
853 3269 993 3338 ingenitus
1012 3267 1141 3324 dicendus
1160 3270 1218 3320 est:

218 3353 282 3420 quia
301 3369 356 3420 non
374 3355 483 3410 omnino
508 3371 563 3410 non
590 3360 631 3411 est
655 3356 689 3412 ab
713 3358 774 3413 elio.
809 3359 868 3413 Hoc
886 3359 980 3427 itaque
997 3357 1047 3413 soli
1063 3355 1138 3412 Patri
1156 3370 1218 3409 con·

216 3443 303 3510 venit,
321 3443 393 3511 quod
410 3443 446 3498 sit
464 3443 571 3534 genitor
588 3449 616 3500 et
634 3444 773 3513 ingenitus
783 3463 790 3514 ;
809 3445 860 3500 soli
877 3445 980 3515 Verbo,
1000 3428 1073 3513 ouod
1091 3443 1127 3498 sit
1143 3440 1218 3508 geni·

217 3535 291 3598 tum,
309 3528 360 3584 soli
379 3531 475 3599 amori,
503 3531 574 3600 qnod
593 3547 643 3587 nec
661 3534 772 3602 proprie
789 3533 898 3601 genitus
915 3549 965 3588 nec
982 3533 1093 3588 omnino
1113 3528 1218 3596 ingeni·

122 3690 128 3699 Ι
217 3623 278 3687 tus,
296 3618 345 3673 sed
361 3618 513 3689 procedens
531 3620 581 3688 sit;
600 3621 665 3688 quia
682 3636 733 3675 neo
744 3621 834 3689 proles
853 3626 962 3676 estnec
980 3619 1088 3675 omnino
1106 3617 1219 3670 nonest

217 3705 251 3760 ab
270 3705 332 3760 alio.
501 3699 506 3705 '
1074 3706 1082 3721 s
1109 3702 1113 3706 ⁴

228 3876 300 3947 ¹Sed
323 3881 450 3948 videtur
473 3886 582 3948 tamen
607 3901 697 3947 arnor
719 3882 822 3961 idem,
853 3900 912 3946 nec
934 3879 1081 3956 omnino,
1105 3894 1218 3942 secun·

149 3985 225 4057 dum
249 3988 424 4054 communis
439 3987 608 4054 locutionis
624 4004 733 4068 nsum,
757 3987 818 4053 dici
840 4003 935 4068 posse
957 3980 1136 4063 ingenitum
1161 3998 1219 4047 nec
