2684 4546
655 256 693 319 ³1

132 427 211 511 qnia
233 423 439 492 nullomodo
463 442 502 488 ex
525 422 605 504 aliu,
639 422 690 489 vel
726 442 765 489 ex
800 422 916 503 nihilo,
951 422 1002 488 vel
1028 441 1088 505 per
1111 421 1210 505 aliud,

132 529 185 598 vel
208 547 268 611 per
292 526 371 595 nihil
389 532 453 609 ⁸est.
498 527 594 594 Nullo
616 528 716 610 igitur
748 527 841 593 modo
868 544 928 608 per
956 526 1062 609 uliud,
1096 528 1146 593 vel
1170 546 1210 593 ex

133 634 217 713 alio,
241 636 299 699 aut
320 650 379 715 per
404 631 501 713 nihil·,
524 632 575 699 vel
598 626 638 698 en
661 631 760 697 nihilo
783 630 910 697 initium
934 630 1049 697 sortita
1073 635 1130 696 est
1159 631 1210 697 Ex

132 738 245 821 seipsa
266 755 360 817 vero,
383 735 435 801 vel
457 754 516 818 per
539 754 574 801 se
596 736 721 803 initium
743 736 866 803 habore
881 754 946 801 non
960 739 1085 818 potest,
1109 753 1209 818 quan·

133 824 232 929 quam
253 860 294 917 ex
316 840 441 924 seipsa,
464 846 496 906 et
518 858 578 922 per
599 842 738 923 seipsam
762 842 811 930 sit
856 839 910 908 Sic
932 840 1016 907 enim
1041 844 1152 906 estex
1174 856 1209 903 se

134 951 169 1015 ει
188 964 250 1031 per
270 962 327 1025 se,
349 950 387 1010 ut
410 944 497 1010 nullo
520 947 614 1013 modo
638 947 681 1011 sit
702 945 767 1010 alia
790 945 949 1030 essentia,
973 962 1056 1029 quae
1079 951 1130 1010 est
1151 963 1210 1026 per

133 1068 169 1119 se
181 1054 215 1117 ει
226 1068 266 1117 ex
280 1046 378 1129 ac,'et
390 1048 463 1129 alia,
474 1066 534 1130 per
550 1067 646 1132 quam
662 1056 696 1114 et
711 1068 750 1115 ex
766 1068 830 1132 qua
842 1054 914 1115 est..
927 1049 1086 1134 Quicquid
1098 1054 1208 1135 autem

90 1234 92 1239 s
135 1172 175 1221 ex
197 1154 304 1237 aliquo
328 1153 379 1218 vel
410 1171 469 1233 per
503 1152 626 1236 aliquid
658 1152 771 1234 incipit
800 1171 888 1233 esse,
921 1172 984 1220 non
1008 1160 1058 1220 est
1080 1138 1210 1220 omnino

135 1259 221 1324 idem
240 1257 290 1322 illi
314 1276 354 1322 ex
378 1276 457 1340 quo,
481 1259 532 1323 vel
553 1275 613 1339 per
636 1257 722 1340 quod
737 1256 850 1338 incipit
872 1275 953 1322 esse.
999 1257 1129 1324 Summa
1150 1257 1209 1339 igi-

136 1368 191 1429 tur
213 1365 333 1427 natura
355 1378 419 1425 non
450 1360 591 1443 incoepit
624 1379 683 1443 pec
717 1378 770 1440 se,
804 1358 855 1424 vel
880 1379 930 1455 lex
964 1377 1007 1424 se.
1052 1361 1210 1439 Quoniam

137 1468 235 1550 igitur
257 1485 318 1531 nec
339 1485 398 1548 per
421 1483 473 1546 se,
497 1485 557 1533 nee
579 1485 619 1532 ex
642 1484 693 1546 se,
716 1484 775 1533 nec
790 1484 849 1547 per
865 1463 971 1543 aliud,
997 1481 1055 1529 nec
1075 1483 1114 1529 ex
1136 1465 1209 1544 alio,

137 1589 198 1637 nec
219 1589 278 1652 per
301 1568 396 1649 nihil,
420 1588 479 1636 nec
496 1589 535 1635 en
550 1570 649 1637 nihilo
666 1571 765 1638 habet
779 1570 988 1655 principium,
1012 1569 1101 1635 nullo
1117 1569 1210 1635 modo

135 1675 235 1756 habet
256 1674 461 1757 principium.
507 1675 571 1742 Sed
605 1694 709 1761 neque
742 1674 837 1742 finem
872 1672 1012 1743 habebit
1058 1673 1093 1742 Si
1120 1668 1210 1740 'enim

135 1777 233 1845 finem
254 1777 407 1846 habitura
429 1784 496 1861 est,
522 1799 586 1846 non
601 1785 658 1846 est
672 1799 796 1846 summe
811 1780 1017 1862 immortalis,
1040 1786 1074 1847 et
1088 1798 1211 1846 summe

135 1883 407 1965 incorruptibilis3
437 1884 495 1949 sed
518 1889 663 1965 constat,
698 1885 773 1968 quia
798 1889 849 1951 est
870 1902 994 1951 summe
1025 1885 1211 1951 immortalis

137 1990 170 2053 ει
199 1987 472 2081 incorruptibilis:
506 2008 569 2055 non
600 1989 735 2056 'habebit
760 1989 860 2072 igitur
886 1988 992 2055 finem.
1045 1989 1211 2072 Amplius:

138 2091 166 2156 si
195 2090 291 2158 finem
321 2092 472 2160 habitura
490 2098 571 2175 est,
606 2101 663 2160 aut
697 2094 826 2176 volens,
861 2099 917 2159 aut
940 2093 1053 2160 nolens
1076 2092 1210 2160 deficiet.

138 2195 204 2262 Sed
226 2213 285 2278 pro
310 2201 396 2263 certo
421 2218 485 2264 nou
510 2203 559 2264 est
591 2196 726 2280 siniplex
752 2199 889 2278 bonum,
920 2198 1011 2280 cujus
1044 2199 1211 2264 voluntate

138 2301 224 2382 perit
246 2320 404 2367 summum
435 2304 573 2370 bonum:
611 2309 652 2387 at¹
678 2302 750 2384 ipsa
784 2308 834 2367 εει
867 2320 979 2367 verum
1011 2304 1044 2367 et
1076 2301 1212 2382 simplex

139 2405 275 2487 bonum;
299 2424 400 2490 quare
422 2402 482 2472 su'a
497 2412 612 2488 sponte
628 2426 693 2473 non
710 2405 835 2472 deficiet
857 2405 947 2487 ipsa,
970 2424 1064 2489 quam
1089 2410 1213 2472 certum

140 2510 191 2577 est
213 2528 286 2577 esse
308 2529 465 2576 summum
489 2511 616 2576 bonum.
663 2510 697 2576 Si
733 2529 808 2576 vero
842 2510 954 2576 nolens
985 2512 1131 2592 peritura
1153 2517 1212 2592 est,

140 2634 206 2680 non
237 2621 286 2682 est
317 2633 439 2682 summe
468 2618 601 2695 potens,
635 2630 701 2679 nec·
727 2612 950 2693 omnipotens;
987 2615 1045 2699 sed
1077 2615 1212 2679 rationis

140 2722 316 2787 necessitas
339 2719 480 2787 asseruit
509 2735 579 2783 eam
611 2735 733 2783 summe
763 2706 930 2799 potentem
964 2733 1035 2782 esse
1058 2719 1090 2781 ει
1113 2717 1213 2781 omni·

139 2831 312 2907 potentem.
356 2828 428 2893 Non
459 2842 547 2907 ergo.
570 2824 684 2891 nolens
715 2820 849 2888 deficiet.
895 2821 1002 2902 Quare
1026 2822 1053 2888 si
1077 2841 1137 2888 nec
1159 2841 1213 2888 vo-

139 2929 230 3008 lens,
254 2949 358 3012 neque
382 2931 644 3003 nolenssumma
667 2936 799 2995 natura.
817 2926 914 2994 finem
944 2928 1095 3011 habebit,
1125 2926 1212 2993 nullo

141 3031 237 3099 modo
269 3031 365 3096 finem
396 3034 537 3100 habehit
582 3034 746 3116 Amplius:
792 3034 820 3099 si
854 3033 909 3098 illa
940 3050 1063 3098 summa
1096 3036 1215 3096 natura

140 3135 238 3203 finem
262 3134 377 3216 habet,
395 3138 464 3209 ¹vel
480 3137 703 3223 principium,
739 3158 803 3205 non
835 3143 885 3203 est
912 3154 990 3203 vera
1018 3136 1213 3202 aeternitas:

143 3241 229 3325 quod
252 3258 323 3306 esse
346 3258 444 3323 supra
467 3239 761 3322 inexpugnabiliter
790 3242 957 3308 inventum
985 3248 1044 3307 est.
1089 3240 1215 3306 Deinde

144 3345 278 3428 cogitet,
312 3345 366 3428 qui
399 3349 523 3427 potest,
558 3347 687 3429 quando
718 3346 874 3431 incoepit,
909 3352 965 3412 aut
995 3347 1122 3431 quando
1150 3362 1214 3411 nou

143 3446 205 3515 luit
227 3447 287 3514 hoc
309 3466 435 3528 verum3
459 3451 596 3531 scilicet,
628 3451 704 3536 quia
722 3439 870 3519 ‘futurum
895 3457 966 3518 erat
989 3451 1128 3535 aliquid:
1159 3455 1215 3515 aut

146 3555 274 3640 quando
298 3553 442 3633 desinet,
476 3559 510 3620 et
532 3575 596 3621 non
626 3557 688 3622 erit
717 3555 777 3622 hoc
807 3575 935 3643 verum,
968 3557 1105 3635 seilicet,
1142 3555 1216 3638 quia

143 3658 353 3749 praeteritum
373 3659 434 3725 erit
456 3659 713 3741 aliquid-Quod
737 3661 765 3724 si
781 3671 930 3728 neutrum
946 3661 1059 3728 horum
1082 3660 1216 3741 eogitari

143 3769 270 3847 potest,
302 3770 334 3829 et
364 3770 537 3846 utrumque
560 3762 620 3829 hoc
650 3781 761 3828 verum
794 3765 864 3830 sine
897 3767 1032 3831 veritate
1056 3783 1127 3833 esse
1152 3783 1217 3832 non

144 3872 269 3949 potcst3
302 3867 499 3951 impossibile
527 3869 578 3932 est
600 3865 652 3931 vel
676 3864 838 3946 cogitare,
872 3867 958 3949 quod
985 3868 1104 3955 veritas
1126 3869 1216 3951 prin-

146 3973 263 4055 cipium
286 3973 337 4041 vel
359 3972 455 4041 finem
478 3972 606 4038 habeat
638 3968 784 4054 Denique
807 3969 835 4036 si
858 3968 977 4036 veritas
999 3967 1113 4039 habuit
1126 3974 1216 4056 prin-
