2684 4546
642 270 693 334 59

529 561 669 628 CAPUT
692 548 824 633 XXXV.

132 700 216 772 Quod
234 699 366 771 quicquid
383 698 485 757 fuctum
503 706 557 771 cut,
587 702 616 758 in
643 703 702 772 ejur
728 701 819 759 Verbo
845 707 874 758 et
900 701 1013 759 scientio
1039 703 1156 760 sttuite
1183 708 1212 759 et
1319 728 1322 733 ·

621 790 730 847 veritos.

134 910 359 980 Conspectus
389 906 531 977 cupitis.
562 937 597 949 -
627 907 724 963 Omnia
751 923 821 978 quoe
845 915 910 964 cunt
934 909 1213 984 iosumnoopiritn,

197 994 306 1053 -ocdem
325 1001 353 1051 et
371 995 466 1051 eodem
483 995 564 1050 modo
580 1001 645 1049 cunt
661 995 690 1049 in
709 997 796 1050 verbo
824 997 898 1066 ejus,
923 997 989 1067 quic
1006 998 1095 1069 ipsum
1113 1005 1155 1054 cst
1171 998 1212 1054 illi
1312 1008 1319 1024 “

209 1081 451 1139 consubstantiale.
486 1082 560 1150 Ergo
579 1082 669 1136 omniu
685 1088 750 1137 runt
767 1083 795 1136 in
813 1082 905 1139 Verbo
923 1087 981 1140 vitu
997 1092 1026 1142 ut
1043 1087 1151 1142 verim.
1176 1086 1214 1142 ut

210 1169 430 1242 quondoquidem
448 1170 518 1225 scire
536 1175 578 1225 eut
596 1169 667 1224 idem
686 1169 728 1226 illi
745 1170 818 1239 quod
831 1171 937 1243 dicem,
955 1173 1026 1228 uicut
1043 1173 1133 1230 omniu
1149 1178 1214 1229 uunt

210 1257 240 1313 in
257 1256 348 1315 Verbo
366 1257 424 1312 vitu
442 1261 472 1312 et
488 1257 609 1327 uerius,
627 1256 667 1312 ito
684 1262 749 1312 eunt
766 1258 795 1311 in
813 1258 927 1314 scientia
943 1261 1011 1330 ejuu.

227 1432 347 1498 Verum
361 1450 431 1498 cum
448 1436 583 1512 constet,
600 1431 675 1516 quia
690 1430 832 1498 Verbum
849 1433 919 1517 ejus
936 1426 1214 1503 consubstantiolo

139 1543 191 1605 est
205 1536 253 1604 illi
270 1543 303 1603 et
317 1535 461 1619 perfecte
477 1538 597 1616 simile,
621 1539 804 1605 necessario
821 1538 1037 1622 consequitur,
1055 1543 1092 1603 ut
1107 1537 1214 1604 omnic

140 1660 226 1724 quae
249 1642 381 1707 suntin
404 1642 475 1715 illo,
506 1642 616 1707 eadem
642 1648 674 1707 ct
697 1643 807 1709 eodem
831 1643 923 1709 modo
954 1644 1020 1708 sint
1051 1643 1083 1708 io
1108 1639 1214 1708 Verbo

120 1745 221 1829 ‘ejuu
268 1743 425 1827 Quicquid
448 1744 547 1824 igitur
568 1742 688 1810 factum
720 1751 785 1823 est,
820 1746 888 1812 sive
921 1748 1023 1823 vivat,
1059 1746 1127 1812 sive
1150 1764 1215 1812 non

141 1849 246 1928 vivut,
270 1854 328 1912 aut
350 1849 635 1932 quomodocunque
658 1850 701 1915 uit
722 1850 756 1915 iu
780 1867 833 1929 se,
856 1850 889 1915 in
912 1851 967 1917 illo
991 1857 1041 1917 est
1056 1853 1127 1934 ipsa
1149 1853 1216 1917 vitu

143 1959 176 2020 ot
209 1953 340 2018 veritos.
386 1953 543 2032 Quoniam
577 1958 684 2020 cutem
719 1955 804 2021 idem
839 1961 890 2022 est
923 1973 1047 2022 summo
1088 1955 1216 2038 spiritui

142 2058 225 2124 scire
248 2055 334 2140 quod
356 2056 554 2141 intelligere,
577 2060 778 2149 circuirem,
802 2079 935 2128 necesse
960 2067 1018 2140 est,
1043 2066 1080 2127 ut
1103 2062 1215 2127 eodem

143 2163 236 2253 modo
260 2163 342 2228 sciut
364 2164 471 2229 omnia
494 2182 577 2246 quae
600 2164 675 2241 scit,
709 2182 774 2246 quo
797 2184 836 2230 ea
859 2166 937 2231 dicit
967 2170 1024 2229 uut
1053 2165 1214 2244 intelligit.

146 2265 421 2347 Quemadmodum
442 2267 543 2349 igitur
565 2268 672 2332 omnia
702 2271 779 2332 sunt
808 2268 841 2333 in
865 2268 972 2333 Verbo
991 2268 1074 2355 -eJuo
1095 2266 1162 2332 vitu
1185 2269 1218 2333 et

146 2371 283 2453 ueritus,
305 2370 352 2437 itu
375 2373 508 2438 suntin
531 2370 673 2466 scientia·
690 2371 768 2455 ejus.

526 2594 665 2662 CAPUT
688 2593 836 2662 XXXVI.

82 2754 86 2761 ·
112 2746 115 2751 ·
192 2732 278 2803 Quum
296 2710 561 2803 incomprehensibili
579 2732 660 2789 modo
679 2731 765 2801 dicct,
782 2730 826 2786 vel
844 2729 913 2786 sciat
930 2743 976 2786 reo
993 2745 1011 2786 o
1029 2747 1059 2789 uc
1076 2733 1172 2793 tactos.

140 2854 364 2924 ¹Conspectus
391 2857 533 2925 cupitis.
559 2884 593 2895 -
621 2855 688 2911 Cum
708 2850 756 2909 ‘reu
779 2852 809 2908 iu
833 2857 927 2907 nostru
950 2854 1063 2912 scientio
1089 2856 1146 2912 oint
1164 2872 1218 2914 non

217 2941 366 2995 secundum
382 2957 476 2998 eurum
494 2943 653 3011 essentiam,
671 2941 720 2997 ted
731 2939 877 2997 secuudum
889 2939 1108 3014 similitudinem
1125 2946 1219 3001 uerius

218 3024 328 3103 suntin
346 3026 424 3096 ipsiu,
443 3044 524 3096 quam
539 3031 568 3084 in
587 3032 679 3083 nostru
696 3027 816 3082 scientia.
844 3025 882 3079 Et
900 3030 991 3081 tumen
1009 3034 1126 3099 constat,
1146 3028 1219 3097 quod

218 3114 294 3164 tanto
312 3110 403 3167 verius
420 3114 520 3168 sintin
538 3115 642 3182 Verbo,
661 3127 741 3182 quom
760 3113 789 3166 in
807 3111 918 3182 seipsis3
937 3118 1038 3180 quanto
1056 3113 1147 3168 verius
1164 3113 1220 3168 exi·

217 3198 265 3254 stit
294 3201 427 3270 creatrix,
460 3215 541 3270 quum
569 3206 662 3256 crecta
691 3200 816 3257 cosentio
851 3198 930 3270 Quod
955 3199 1074 3256 humanu
1106 3200 1221 3258 scientio

220 3287 448 3358 comprehendere
465 3305 520 3346 non
537 3294 633 3360 potest.

235 3463 307 3544 Quu
329 3482 369 3529 ex
390 3483 426 3528 re
448 3463 708 3532 manifestissime
732 3465 959 3546 comprehendi
981 3469 1106 3548 potest,
1139 3484 1218 3548 quo·

148 3569 241 3634 modo
265 3569 350 3639 dicut
381 3568 465 3634 idem
496 3569 645 3650 spirituo,
679 3569 730 3635 vel
765 3570 922 3652 quomodo
958 3570 1039 3636 sciat
1069 3587 1108 3635 eu
1136 3587 1220 3651 quoe

128 3664 236 3737 'factu
257 3677 351 3751 suut,
384 3671 425 3736 ub
448 3668 589 3735 humana
620 3671 756 3737 scientia
778 3671 1006 3753 comprehendi
1029 3692 1094 3739 non
1116 3689 1220 3753 posse.

148 3777 230 3842 Num
253 3775 336 3841 nulli
359 3776 507 3856 dubium,
539 3771 664 3841 creatos
687 3777 885 3843 substantias
908 3778 1009 3843 multo
1032 3776 1127 3842 aliter
1149 3793 1221 3843 uoce

55 3908 60 3921 ‚
148 3880 182 3945 in
204 3880 337 3961 seipsis,
372 3900 467 3964 quam
499 3881 532 3947 iu
562 3885 673 3945 nostru
695 3882 837 3949 scientia.
883 3882 920 3948 In
943 3882 1058 3963 seipsis
1081 3898 1220 3964 numque

149 3989 225 4052 sunt
246 4002 305 4066 per
327 3985 429 4068 ipram
453 4005 544 4054 suam
567 3987 762 4068 ostendum
790 3986 823 4054 in
854 3991 965 4054 nostru
987 4005 1063 4055 vero
1085 3984 1222 4054 scientio
