2684 4546
699 266 759 329 mo
821 231 850 357 J

193 439 317 501 tontum
339 432 564 515 retribuendo,
599 439 632 499 et
661 452 725 500 non
757 435 935 517 parcerem
968 438 1002 505 ei
1023 438 1050 504 si
1072 437 1197 508 iaceres
1219 442 1261 510 de

192 558 256 605 non
277 540 370 606 bonis
392 537 658 621 tanmmo‘onos,
691 545 723 606 et
753 558 817 605 non
849 538 955 607 etiom¹
974 542 1014 610 de
1044 545 1145 612 molis.
1190 546 1262 616 Hoo
1327 573 1330 579 ·

191 644 299 729 itaque
328 640 428 712 modo'
451 645 573 728 Justum
604 650 669 726 est,
706 650 743 711 ut
764 662 880 727 parcae
903 648 1010 731 malis,
1045 656 1078 718 et
1100 657 1136 718 ut
1158 650 1261 721 iaoioo

191 752 293 818 bonos
315 752 356 817 de
378 751 480 817 malis.
512 751 675 834 Denique,
699 751 785 834 quod
809 771 873 816 non
892 753 981 835 juste
1002 752 1140 836 fit,·non
1164 757 1262 825 debet

190 854 275 936 fieri3
306 862 339 923 et
361 855 446 939 quod
469 873 534 921 mon
557 855 654 922 debet
684 853 770 937 fieri,
805 857 925 955 injuste
946 857 991 926 fit.
1037 861 1071 929 si
1095 880 1171 944 ergo
1195 882 1258 930 non

187 963 276 1045 Juste
304 963 397 1029 malis
426 961 604 1043 misereris,
636 980 700 1027 non
736 961 835 1028 debes
867 963 1021 1030 misereri.
1065 967 1109 1032 Et
1138 967 1165 1033 si
1194 986 1258 1033 non

191 1066 290 1134 debes
327 1067 489 1148 misereri,
527 1067 647 1150 injuste
680 1068 851 1159 misereris.
898 1069 991 1150 Quod
1024 1071 1052 1137 si
1084 1071 1176 1140 nefas
1210 1079 1261 1140 est

94 1196 96 1199 ·
190 1173 313 1256 dicere,
335 1160 386 1240 fos
409 1179 459 1239 est
482 1173 613 1258 credere
636 1178 668 1240 te
679 1150 776 1263 josto
800 1174 943 1241 misereri
965 1177 1065 1242 molis

623 1452 762 1540 emor
784 1453 823 1520 rr

189 1588 327 1659 Quomodo
348 1592 424 1660 juste
451 1590 558 1660 puniet,
586 1595 613 1645 et
635 1590 711 1661 juste
735 1597 831 1665 parcat
847 1590 943 1646 maiis
969 1620 1001 1649 -v
1028 1591 1103 1648 Deus
1119 1595 1283 1664 parcendo<

260 1680 337 1733 malis
360 1679 451 1748 justus
475 1684 517 1735 eet
540 1677 688 1734 seeundum
713 1695 757 1750 so,
785 1680 850 1749 quio
876 1668 943 1735 feeit
960 1678 1031 1748 quod
1049 1683 1175 1738 eonvenit
1191 1699 1258 1740 suae

149 1763 153 1773 '
258 1767 389 1821 bonitati:
417 1765 465 1822 oed
488 1781 543 1821 non
566 1773 609 1822 eet
632 1767 723 1838 justos
747 1767 894 1824 seeundum
921 1783 984 1839 nos,
1012 1768 1150 1838 quianon
1168 1770 1259 1829 reddit

259 1854 379 1911 debitum
397 1853 568 1928 supplicium.

276 2031 340 2099 Sed
374 2036 407 2098 et
426 2033 549 2121 justum
573 2038 640 2114 esi,
674 2038 709 2098 ut
730 2032 831 2099 malos
853 2032 987 2115 p'unias:
1019 2033 1259 2116 quidnamque

185 2138 325 2221 JustiuS,
360 2157 456 2221 quam
490 2137 624 2204 utboni
647 2137 749 2219 bona,
784 2143 816 2202 et
848 2137 925 2204 mali
957 2136 1042 2203 melo
1075 2138 1259 2221 recipiant?

189 2242 353 2323 Quomodo
377 2263 453 2326 ergo
477 2248 509 2310 et
528 2243 651 2327 justum
674 2248 783 2310 estut
805 2245 905 2310 malos
927 2245 1059 2326 punias,
1083 2250 1116 2311 et
1133 2244 1258 2327 justum

188 2356 248 2430 est,
272 2353 309 2413 ut
330 2349 423 2415 malis
444 2347 584 2430 parcos?
608 2350 659 2414 dn
672 2348 734 2415 alio
757 2348 851 2414 modo
871 2349 960 2431 Justo
974 2348 1070 2431 punis
1091 2349 1201 2430 malos,
1227 2353 1260 2415 ot

188 2455 250 2520 alio
279 2453 373 2519 modo
400 2454 488 2537 Juste
521 2453 626 2536 porois
657 2453 776 2522 moliri,
815 2453 896 2520 Oum
921 2453 1005 2519 enim
1028 2454 1123 2537 punis
1145 2455 1258 2535 molor,

184 2560 308 2643 justum
343 2565 410 2640 est,
444 2560 520 2642 quia
549 2558 677 2627 illorum
712 2560 835 2626 meritis
875 2559 1043 2639 convenit3
1078 2576 1149 2626 oum
1182 2574 1257 2624 vero
1298 2593 1303 2598 -

186 2665 292 2746 parcis
314 2663 426 2746 malis,
456 2665 579 2748 justum
604 2671 673 2748 est,
705 2683 769 2731 non
793 2665 868 2749 quia
889 2665 1020 2732 iliorum
1038 2662 1258 2747 meritis,-sed

189 2769 265 2852 quia
295 2770 432 2837 bonitati
462 2776 537 2836 tuae
570 2771 749 2838 condecens
773 2778 831 2837 est.
876 2770 956 2836 Nam
969 2769 1142 2852 -paroendo
1164 2766 1257 2833 malie

186 2874 233 2942 ita
250 2876 359 2959 Justus
384 2894 417 2942 es
440 2876 616 2943 secumdum
640 2882 689 2958 te,
720 2881 753 2943 et
783 2894 848 2942 non
870 2875 1045 2943 secundum
1069 2892 1145 2956 nos3
1175 2873 1259 2942 siout

185 2981 368 3049 misericors
391 3001 426 3048 es
448 2982 624 3050 seeundum
649 2999 724 3066 nos,
756 2987 788 3049 et
811 3002 875 3049 non
898 2981 1073 3050 seeundum
1096 2986 1149 3061 te3
1180 2996 1257 3064 quo·

64 3162 67 3167 ,
186 3087 273 3176 niam
295 3088 450 3156 salvando
474 3107 548 3170 noo,
572 3106 651 3172 quos
671 3088 759 3172 juste
781 3089 949 3172 perderes,
973 3089 1056 3155 siout
1077 3086 1258 3154 misericors

187 3210 238 3273 eo,
262 3211 330 3259 nonv
349 3194 425 3276 quia
448 3200 483 3260 tu
505 3194 627 3260 sentias
649 3192 815 3278 affectum,
843 3195 911 3273 sed,
925 3194 1000 3277 quia
1022 3209 1080 3258 nos
1103 3190 1258 3257 sentimus

186 3295 353 3376 effectum3
377 3297 424 3363 ita
442 3299 551 3382 justus
574 3316 627 3382 ee,
656 3316 722 3366 non
747 3300 821 3383 quia
844 3298 936 3367 nobis
958 3298 1080 3366 reddas
1103 3296 1257 3379 debitum,

186 3399 244 3466 sed
266 3402 341 3484 quia
363 3400 443 3469 iocis
467 3404 551 3486 quod
576 3403 666 3471 deoet
689 3410 721 3471 te
744 3422 867 3470 summe
889 3405 1018 3481 bonum,
1065 3400 1118 3469 Sic
1146 3399 1258 3484 itaquo

186 3507 256 3573 eine
277 3509 496 3593 repugnantia
514 3509 603 3594 J'uste
624 3509 739 3592 punis,
764 3514 797 3576 et
815 3510 903 3594 Juste
924 3509 1040 3596 parcis.
