2684 4546
637 246 699 312 110

560 540 700 607 CAPUT
722 538 778 604 III.

135 680 213 750 Quod
229 680 304 736 Deus
322 695 376 734 non
393 679 480 748 possit
499 679 612 746 eogitari
635 692 690 730 non
709 691 775 731 esse.
786 706 819 716 —
838 676 913 730 Deus
931 681 972 730 est
989 660 1026 743 id}
1047 689 1101 742 quo
1120 672 1209 742 majus

206 768 318 837 eogitari
335 782 389 822 non
407 772 505 835 potest.
541 764 574 818 Id
597 763 669 830 quod
687 767 777 830 potest
795 762 907 830 cogitari
925 775 1072 829 nonense,
1091 775 1146 813 non
1165 762 1207 813 est

205 857 288 911 Deus.

223 1028 315 1108 Quod
338 1026 449 1108 utique
471 1024 518 1090 sie
540 1029 697 1105 vernent,
721 1031 758 1088 ιιι
780 1042 839 1089 nee
862 1022 995 1105 cogitari
1017 1023 1120 1103 possit
1142 1041 1207 1088 non

135 1153 214 1201 esse.
258 1133 340 1198 Nem
362 1134 471 1212 potest
494 1131 629 1210 cogitari
659 1148 731 1195 esse
763 1127 885 1212 niiquid
909 1127 994 1209 quod
1018 1145 1082 1190 non
1104 1127 1208 1208 possit

134 1237 265 1321 cogitari
288 1254 352 1301 non
376 1249 463 1313 esse;
487 1233 572 1317 qnod
595 1235 700 1317 majus
725 1238 790 1313 est,
822 1250 918 1315 quam
941 1230 1026 1314 quod
1048 1226 1112 1297 n'on
1136 1250 1208 1299 esse

134 1343 267 1425 eogitari
290 1345 406 1424 potest.
453 1340 560 1418 Quare
583 1341 610 1403 si
633 1338 682 1418 id,
709 1356 771 1420 quo
795 1339 901 1420 majus
927 1338 1040 1419 nequit
1063 1336 1207 1420 eogitari,

102 1452 105 1457 '
133 1451 242 1529 potest
264 1445 397 1527 eogitari
419 1454 483 1508 non
506 1460 595 1508 esso:
619 1442 758 1524 idipsum
781 1460 843 1523 quo
868 1442 972 1523 majus
995 1441 1128 1521 eogitari
1151 1458 1207 1504 ne·

134 1552 219 1635 quit,
250 1570 313 1616 non
338 1554 388 1614 est
409 1548 458 1626 id,
489 1565 551 1628 quo
575 1548 679 1629 majus
703 1546 834 1626 cogitari
858 1547 989 1628 nequit:
1023 1546 1108 1629 quod
1133 1564 1208 1610 con·

133 1655 244 1723 venire
268 1672 333 1718 non
355 1657 473 1733 potest.
518 1650 570 1716 Sio
601 1670 676 1732 ergo
698 1671 776 1718 vere
799 1657 849 1717 est
872 1651 995 1734 aliquid
1018 1651 1208 1736 quogmaJus

135 1757 268 1841 eogitari
290 1775 356 1823 non
378 1759 505 1838 potest,
535 1760 572 1820 ιιι
601 1775 661 1822 nee
684 1756 817 1837 eogitari
840 1757 943 1836 possit
966 1775 1031 1821 non
1055 1773 1143 1822 esse:
1176 1761 1208 1820 et

133 1860 194 1928 hoc
216 1879 251 1927 es
274 1865 330 1942 tu,
352 1860 491 1926 Domine
516 1860 605 1924 Deus
629 1865 747 1925 noster.
794 1860 847 1926 Sic
871 1879 945 1940 ergo
969 1880 1045 1926 vere
1068 1878 1119 1942 es,
1142 1862 1208 1926 Do·

134 1967 219 2032 mine
252 1967 340 2031 Dens
375 1983 482 2047 meus,
518 1970 554 2030 ut
587 1984 647 2030 nee
680 1967 814 2046 cogitari
836 1967 941 2046 possis
964 1985 1029 2030 non
1052 1983 1140 2043 esse;
1175 1969 1208 2030 et

134 2072 257 2136 merito.
304 2070 338 2136 Si
375 2070 460 2134 enim
498 2069 607 2150 aliqua
643 2088 734 2134 mens
768 2076 879 2150 posset
912 2071 1052 2150 cogitare
1087 2070 1207 2152 aliquid

134 2176 248 2242 melius
271 2181 320 2255 te,
343 2174 533 2248 ascenderet
556 2178 712 2241 creatora·
730 2193 827 2255 super
842 2175 1044 2254 Creatorem,
1068 2180 1101 2239 et
1119 2174 1207 2256 jndi-

135 2285 221 2346 caret
244 2280 283 2344 de
299 2278 471 2346 Creatore:
496 2281 582 2362 quod
605 2280 700 2345 valde
723 2287 773 2345 est
796 2281 980 2346 absurdum.
1011 2281 1054 2346 Et
1077 2281 1206 2363 quidem
1279 2326 1283 2334 -

134 2386 285 2468 quicquid
309 2390 359 2451 est
381 2386 468 2452 aliud
490 2391 620 2467 praeter
644 2387 748 2452 solum
771 2391 822 2466 te,
855 2391 961 2468 potest
985 2385 1117 2464 eogitari
1141 2403 1205 2449 non

135 2507 215 2556 esse.
260 2488 353 2555 Solus
385 2490 481 2573 igitur
516 2492 680 2558 verissime
714 2493 873 2579 omnium,
908 2496 940 2556 et
967 2491 1039 2556 ideo
1070 2489 1208 2553 maxime

134 2595 275 2661 omnium
298 2594 400 2660 habes
431 2615 520 2676 esse;
556 2586 635 2679 quio
662 2596 813 2680 quicquid
846 2595 933 2660 aliud
968 2599 1035 2674 est,
1067 2613 1130 2659 non
1163 2592 1208 2659 sic

134 2717 210 2765 vere
234 2702 300 2779 est,
324 2701 496 2767 etidcirco
519 2701 746 2767 minushabet
770 2720 849 2767 esse.
895 2700 1089 2783 (irritaque
1122 2700 1209 2764 dimit
1290 2754 1308 2765 .

133 2804 297 2885 insipiens
319 2804 355 2868 io
376 2804 470 2870 corde
491 2825 568 2871 suo:
600 2826 664 2870 ooo
694 2811 742 2870 est
771 2805 894 2871 Deus?
929 2804 1033 2888 (Psoi.
1055 2817 1138 2883 xm,
1166 2800 1206 2887 1.)

25 2914 28 2919 ’
135 2926 206 2973 cum
229 2912 294 2973 tam
318 2908 351 2973 in
374 2915 526 2990 promptu
549 2909 591 2975 sit
613 2908 764 2975 rationaii
786 2909 901 2998 menti,
926 2912 959 2973 te
980 2909 1117 2974 maxime
1140 2926 1206 2972 om-

135 3012 222 3077 nium
247 3030 328 3078 esse.
375 3011 458 3095 Gur,
483 3013 544 3078 nisi
568 3013 645 3094 quia
667 3013 785 3079 stultus
808 3017 841 3078 et
862 3014 1053 3094 insipiens?

565 3285 702 3353 cAPUT
724 3288 778 3352 IV.

135 3419 275 3488 Quomodo
292 3419 423 3489 insipiens
441 3420 512 3478 dixit
530 3423 560 3477 in
578 3422 659 3478 eorde
677 3438 740 3492 suo,
759 3422 831 3501 quod
850 3425 964 3492 eogitari
982 3441 1036 3482 non
1053 3432 1150 3496 potest.
1172 3456 1205 3468 -

202 3507 315 3564 Duobus
333 3508 420 3563 modis
437 3524 482 3565 res
499 3510 641 3580 cogitatur.
680 3514 703 3566 1.
730 3514 791 3566 enni
814 3527 866 3568 vox
886 3527 945 3567 eam
962 3512 1117 3582 significant
1135 3513 1205 3582 cogi·
1234 3508 1237 3513 '

204 3602 285 3651 tatur.
322 3599 345 3651 2.
371 3613 432 3652 cum
458 3599 518 3667 ipsa
543 3615 587 3655 res
612 3599 783 3669 intelligitur.
819 3600 973 3656 Secundum
999 3617 1104 3671 votem,
1130 3601 1206 3655 Deus

196 3691 294 3754 potest
311 3685 422 3755 cogitari
439 3702 494 3741 non
513 3702 588 3756 esse;
607 3687 758 3744 secundum
776 3704 848 3760 rem,
866 3707 920 3746 non
938 3696 1036 3759 potest.

220 3860 340 3927 Verum
370 3864 528 3944 quomodo
552 3861 631 3926 dixit
653 3862 809 3945 insipiens
831 3864 984 3929 incorde
1008 3882 1084 3947 sno,
1118 3868 1204 3950 qnod
1231 3864 1235 3869 ’

135 3965 276 4044 cogitare
298 3984 362 4030 non
385 3970 510 4048 potuit;
542 3973 598 4032 ant
629 3969 787 4050 quomodo
820 3967 959 4047 cogitare
993 3988 1057 4034 non
1088 3972 1204 4053 potuit,
