2684 4546
132 466 198 516 nec
221 448 286 514 ullo
308 448 401 514 modo
423 445 527 530 possit
549 450 652 513 totum
676 464 696 512 a
717 444 854 511 diversis
884 444 962 511 locis
986 446 1036 513 vel
1057 441 1208 528 tempori·

136 554 198 621 bus
221 553 315 641 simul
339 552 509 644 contineri:
533 549 683 636 quicquid
707 567 783 616 vero
798 550 860 616 loci
883 548 933 615 vel
956 549 1110 631 temporis
1133 567 1208 615 cou-

136 658 275 725 tinentia
286 674 489 738 nequaquam
505 661 686 735 coercetur,
703 655 790 721 nulla
805 656 947 721 locorum
964 655 1015 720 vel
1029 660 1209 736 temporum

115 762 209 844 ‚lege
239 761 282 826 ad
314 761 453 844 partium
482 759 748 842 multiplicitatem
782 763 931 841 cogatur3
965 762 1022 823 aut
1054 773 1209 840 praeseus

134 881 210 933 esso
232 871 334 932 totum
359 863 453 930 simul
476 864 624 946 pluribus
646 864 724 930 locis
747 870 805 930 aut
819 862 1017 945 temporibus
1040 861 1234 955 prohibea-¹

137 977 207 1038 tur:
240 969 408 1054 quoniam,
437 970 586 1050 iuquam,
619 968 698 1035 haec
729 973 779 1034 est
801 967 938 1035 conditio
967 966 1028 1033 loci
1051 968 1108 1030 aut
1129 969 1208 1030 tem·

137 1074 244 1155 poris,
280 1073 391 1156 procul
415 1071 510 1138 dubio
535 1090 660 1138 summa
689 1073 884 1154 substantia,
917 1090 1000 1156 quae
1030 1071 1120 1139 nulla
1148 1069 1208 1136 loci

137 1179 189 1246 vel
212 1179 364 1260 temporis
386 1177 585 1244 continentia
608 1176 759 1259 cingitur,
793 1178 881 1243 nulla
908 1164 1020 1244 eorum
1039 1176 1112 1255 lege
1134 1190 1208 1239 con·

136 1281 316 1361 stringitur.
362 1283 469 1361 Quare
492 1281 641 1364 quoniam
672 1299 827 1347 summam
858 1282 1031 1347 essentiam
1053 1284 1153 1344 totam
1176 1280 1209 1343 et

137 1385 333 1452 inevitabilis
356 1385 532 1452 necessitas
554 1384 653 1467 exigit
676 1384 755 1451 nulli
769 1384 837 1451 loco
854 1384 905 1449 vel
928 1382 1064 1463 tempori
1086 1381 1208 1458 deesse,

139 1495 172 1555 et
193 1490 284 1555 nulla
305 1491 387 1556 ratio
408 1491 471 1556 loci
493 1495 550 1555 aut
579 1491 733 1571 temporis
762 1489 913 1572 probibet
946 1489 1031 1554 omui
1060 1488 1128 1553 loco
1159 1483 1210 1550 vel

63 1627 67 1631 >
137 1595 276 1676 tempori
297 1594 391 1661 simul
413 1599 512 1660 totam
536 1594 667 1676 adesse,
692 1612 823 1661 necesse
839 1600 889 1661 est
904 1611 974 1660 eam
998 1589 1092 1658 simul
1108 1592 1209 1654 totam

137 1699 286 1764 omnibus
310 1703 342 1764 et
364 1697 500 1781 singulis
522 1698 600 1766 locis
623 1703 656 1765 et
679 1700 876 1781 temporibus
898 1684 1114 1781 praesentem
1127 1710 1207 1759 esse.

138 1801 212 1870 Non
234 1803 336 1887 euim,
361 1803 437 1888 quia
459 1803 622 1883 buicloco
645 1804 696 1869 vel
720 1805 855 1886 tempori
876 1820 1033 1885 praesens
1063 1803 1130 1879 est,
1159 1796 1207 1862 id·

139 1906 222 1974 circo
243 1907 433 1999 prohibetur
454 1907 501 1974 illi
531 1908 581 1976 vel
611 1908 656 1973 illi
687 1909 774 1989 loco,
804 1913 862 1974 aut
893 1906 1030 1989 tempori
1059 1901 1208 1970 simulet

139 2011 286 2077 similiter
306 2030 463 2094 praeseus
486 2031 572 2093 esse;
607 2030 667 2081 nec
689 2014 838 2098 quoniam
869 2011 946 2093 luit,
962 2096 964 2101 ,
981 2015 1039 2077 aut
1060 2012 1126 2089 est,
1151 2010 1209 2070 aut

140 2115 215 2196 erit,
246 2117 319 2182 ideo
349 2117 548 2184 aeternitatis
578 2119 649 2200 eius
683 2118 804 2202 aliquid
832 2117 964 2185 evanuit
996 2134 1016 2180 a
1042 2108 1206 2196 praesenti

139 2225 281 2301 tempore
304 2236 375 2287 cum
397 2222 592 2304 praeterito,
623 2223 708 2304 qnod
735 2222 802 2304 jam
827 2241 890 2288 non
914 2227 980 2299 est;
1013 2224 1070 2284 aut
1090 2215 1207 2282 transit

135 2342 206 2390 cum
236 2326 417 2407 praesenti,
449 2328 533 2409 quod
573 2325 624 2390 rix
657 2329 722 2405 est;
756 2332 814 2391 aut
847 2329 1019 2393 venturum
1052 2327 1105 2389 est
1135 2337 1206 2386 cum

136 2426 262 2511 lutuno,
291 2430 378 2513 quod
412 2430 554 2496 nondum
584 2435 643 2496 est.
687 2429 880 2496 Nullatenus
914 2446 1052 2511 namque
1082 2425 1206 2508 cogitur
1322 2460 1324 2469 ‹

135 2534 186 2600 vel
208 2534 396 2615 prohibetur
425 2534 496 2615 lege
526 2535 666 2601 locorum
697 2536 747 2602 vel
779 2538 976 2617 temporum,
1010 2530 1127 2599 alicubi
1150 2533 1207 2594 aut

136 2636 310 2720 aliquando
345 2657 416 2704 esse
448 2639 500 2704 vel
534 2657 600 2703 nou
635 2655 722 2726 esse,
758 2638 843 2721 quod
876 2638 964 2704 nullo
995 2640 1087 2703 modo
1120 2637 1206 2729 intra

134 2741 238 2807 locum
273 2745 324 2809 vel
356 2751 484 2826 tempus
519 2740 639 2810 claudit
679 2760 772 2808 suum
819 2759 899 2808 esse.
956 2740 1037 2807 Nam
1072 2741 1100 2808 si
1133 2738 1205 2821 ipsa

134 2863 261 2911 summa
286 2849 427 2915 essentia
450 2850 566 2915 dicitur
589 2866 660 2914 esse
682 2849 715 2913 in
739 2848 808 2914 loco
833 2853 889 2914 aut
910 2852 1070 2929 tempore,
1095 2862 1204 2927 quam-

133 2950 247 3014 visde
268 2949 329 3014 illa
348 2959 380 3018 et
402 2952 442 3018 de
464 2952 619 3019 localibus
651 2953 719 3018 sive
742 2953 969 3033 temporalibus
993 2952 1116 3017 naturis
1138 2965 1204 3016 una
1297 3021 1301 3025 ,

133 3051 179 3118 sit
206 3051 360 3133 prolatio,
393 3061 526 3135 propter
558 3055 710 3148 loquendi
745 3055 1026 3134 consuetudinem,
1060 3055 1206 3120 diversus

66 3191 69 3197 ‚
134 3160 244 3220 tamen
268 3161 318 3221 est
339 3158 537 3240 intellectus,
560 3165 692 3243 propter
714 3178 821 3226 rerum
845 3157 1143 3226 dissimilitudinem.
1166 3159 1205 3224 ln

133 3256 195 3325 illis
220 3279 359 3344 namque
382 3263 444 3328 duo
468 3264 627 3347 quaedam
658 3265 768 3332 eadem
803 3265 941 3347 prolatio
976 3261 1148 3344 significat,
1172 3263 1204 3328 id
1272 3293 1276 3302 ¹

129 3369 199 3450 est,
224 3366 299 3446 quia
320 3371 506 3448 praesentia
527 3374 604 3439 suut
625 3369 703 3436 locis
727 3376 759 3436 et
786 3371 1002 3452 temporibus,
1032 3368 1205 3451 inquibus

135 3485 206 3534 esse
229 3470 396 3551 dicuntum
427 3480 464 3539 et
483 3465 786 3556 quia'continentur
815 3476 856 3541 ab
887 3475 975 3557 ipsis.
1020 3474 1057 3538 ln
1081 3488 1205 3537 summa

134 3591 209 3638 vero
245 3575 388 3651 essentia
419 3597 522 3643 unum
553 3583 677 3645 tantum
721 3581 915 3663 percipitur,
961 3581 993 3646 id
1028 3585 1094 3659 est,
1129 3579 1204 3660 quia

132 3694 287 3758 praeseus
311 3685 377 3758 est;
401 3695 466 3746 non
490 3681 586 3746 etiam
610 3681 685 3763 quia
700 3684 891 3749 continetur.
938 3684 1050 3764 Unde,
1075 3683 1103 3747 si
1125 3699 1202 3747 usus

132 3780 287 3862 loquendi
321 3784 519 3865 admitteret,
558 3787 798 3854 convenientius
838 3789 901 3855 dici
936 3790 1100 3855 videretur
1133 3806 1204 3854 esse
1239 3846 1241 3850 Α

52 3880 58 3889 ’
134 3904 205 3952 cum
227 3886 297 3954 loco
320 3889 370 3954 vel
393 3894 556 3972 tempore,
581 3907 677 3972 quam
700 3891 733 3955 in
749 3891 818 3958 loco
834 3893 884 3958 vel
901 3897 1055 3975 tempore.
1086 3891 1201 3959 Verius
1287 3876 1290 3888 ’

133 3989 218 4057 enim
238 3990 438 4073 significatur
467 3993 622 4067 contineri
652 3995 790 4079 aliquid,
821 4015 892 4064 cum
922 3998 1039 4065 dicitur
1066 4015 1136 4065 esse
1168 3999 1203 4064 in
