2684 4546
632 281 692 347 140

558 537 695 620 CAPUT
717 540 772 608 111

132 675 179 733 Ad
193 675 350 735 insuntiom
375 678 536 738 adversarii:
562 677 635 750 qnod
659 684 819 749 assumetur
844 677 960 736 malam
982 679 1105 737 dalidam
1130 694 1190 737 esse

203 767 308 838 reipsa,
327 767 392 838 qnia
407 768 551 838 cogitator.

220 941 283 1010 Sed
306 944 372 1010 tale
394 948 460 1025 est,
489 944 613 1029 inquis,
644 961 682 1010 ac
711 945 738 1010 si
766 942 882 1028 aliquis
902 942 1039 1011 insulam
1062 943 1192 1026 Oceani,

3 1129 6 1136 ι
133 1066 244 1114 omnes
267 1052 371 1114 terras
393 1065 453 1115 sna
475 1046 642 1115 fertilitate
663 1048 861 1129 vincentem,
889 1066 972 1133 quae
994 1046 1192 1129 difficultate,

132 1151 227 1218 immo
249 1152 504 1235 impossibilitate
534 1153 719 1220 inveniendi
746 1153 836 1239 ,quod
870 1172 934 1220 non
968 1158 1033 1235 est,
1066 1153 1193 1237 perdita

134 1258 335 1340 nominatur,
358 1259 444 1359 dicat
465 1258 583 1327 idcirco
604 1248 669 1324 non
690 1277 784 1342 posse
807 1259 946 1325 dubitari
968 1277 1043 1325 vere
1066 1277 1137 1325 esso
1159 1258 1193 1324 in

133 1380 187 1443 re,
220 1363 295 1447 quia
318 1364 424 1430 verbis
448 1363 638 1446 descriptam
662 1360 755 1429 facile
778 1363 848 1447 quis
870 1362 1027 1443 intelligit
1075 1361 1194 1428 Fidens

134 1462 264 1552 loquor3
297 1469 372 1553 quia
404 1470 431 1534 si
462 1469 533 1554 quis
563 1468 722 1534 invenerit
754 1467 828 1533 mihi
857 1466 977 1551 aliquid
1000 1471 1057 1534 aut
1077 1467 1194 1550 reipsa,

135 1578 192 1639 ant
215 1572 284 1639 sola
307 1575 497 1658 cogitatione
520 1573 677 1654 existens,
700 1578 829 1654 praeter
852 1591 913 1658 qno
937 1573 1040 1656 majus
1063 1571 1195 1652 cogitari

135 1695 199 1742 non
222 1679 338 1760 possit,
372 1680 422 1745 cui
456 1682 568 1761 optare
602 1678 709 1744 valeat
737 1679 966 1745 connexionem
986 1677 1083 1760 hujus
1105 1695 1195 1744 meaa

135 1784 439 1864 argumentationis,
462 1783 640 1865 inveniam,
664 1789 696 1850 et
711 1783 793 1850 dabo
808 1783 854 1850 illi
876 1783 1035 1866 perditam
1058 1783 1194 1849 insulam

135 1887 272 1969 amplius
295 1907 359 1955 non
381 1890 587 1972 perdendam.
616 1889 726 1956 Palam
745 1893 858 1956 vcantem
877 1890 944 1973 jam
966 1886 1110 1968 videtur,
1134 1904 1196 1971 quo

136 2008 201 2055 non
223 1993 307 2058 valet
337 1994 468 2076 cogitari
497 1996 620 2078 majus,
654 2013 719 2060 non
749 2011 844 2076 posse
874 1994 1007 2078 cogitari
1029 2011 1093 2059 non
1116 2008 1197 2071 ease,

137 2095 222 2180 quod
245 2102 310 2164 tam
326 2103 414 2165 certa
428 2099 554 2167 ratione
569 2099 714 2166 semotis
730 2099 853 2179 existit3
876 2099 969 2166 aliter
991 2097 1075 2164 enim
1092 2095 1195 2162 nulla·

135 2205 230 2268 tenus
253 2203 413 2271 existeret.
457 2205 605 2290 Denique
626 2206 654 2271 si
676 2204 747 2290 quis
776 2204 868 2287 dicit,
896 2222 932 2271 se
954 2204 1094 2286 cogitare
1115 2201 1196 2268 illud

99 2365 110 2374 .
137 2325 202 2373 non
225 2326 314 2377 esse:
348 2311 417 2379 dico
441 2311 526 2396 qnod
547 2317 616 2377 tum
639 2330 711 2379 cum
734 2311 794 2379 hoc
825 2311 957 2395 cogitat,
988 2310 1045 2375 aut
1075 2307 1195 2388 cogitat

137 2409 273 2496 aliquid,
302 2432 365 2498 qno
386 2415 490 2498 majus
514 2414 645 2496 cogitari
668 2433 732 2482 non
753 2416 869 2498 possit,
901 2417 958 2481 ant
980 2432 1045 2481 non
1067 2413 1196 2494 cogitat

138 2514 260 2603 Sinon
284 2519 419 2602 cogitat,
451 2538 516 2586 non
546 2520 665 2602 cogitat
695 2540 759 2587 non
782 2538 854 2588 esse
877 2520 962 2605 quod
983 2537 1047 2585 non
1069 2517 1197 2597 cogitat.

136 2618 173 2688 Si
195 2640 271 2688 sero
294 2625 431 2706 cogitat,
454 2626 566 2710 ntique
581 2626 701 2708 cogitat
716 2608 853 2712 alicuid,
877 2624 961 2712 quod
985 2644 1044 2692 nec
1066 2621 1199 2704 cogitari

137 2719 244 2809 possit
262 2746 327 2796 non
350 2748 429 2798 esse.
473 2731 507 2799 Si
530 2732 615 2798 enim
637 2738 746 2816 posset
769 2733 902 2817 cogitari
923 2750 988 2799 non
1011 2742 1092 2811 esse,
1114 2728 1199 2810 cogi·

138 2832 200 2897 tari
230 2840 340 2915 posset
372 2835 492 2902 habere
524 2837 715 2920 principium
748 2843 781 2903 et
809 2837 920 2918 finem3
959 2836 1016 2904 sed
1044 2835 1105 2902 hoc
1133 2852 1199 2900 non

141 2941 257 3019 potest.
290 2939 356 3020 Qui
376 2960 451 3025 ergo
473 2943 551 3009 illud
580 2944 713 3025 cogitat,
735 2943 856 3028 aliquid
878 2943 1014 3024 cogitat,
1036 2939 1120 3026 quod
1142 2957 1202 3005 nac

139 3043 273 3124 cogitari
308 3048 411 3128 possit
447 3067 511 3115 non
546 3066 637 3129 esse;
672 3049 733 3117 hoc
768 3068 845 3116 vero
878 3049 933 3133 qui
963 3048 1098 3129 cogitat,
1134 3062 1199 3110 non

140 3148 259 3232 cogitat
279 3151 420 3234 idipsum
442 3173 507 3221 non
531 3171 617 3235 esse;
649 3136 797 3240 alioquin
821 3155 940 3235 cogitat
961 3148 1200 3240 quodragitari

141 3270 205 3317 non
238 3261 353 3337 potest.
397 3257 470 3324 Non
501 3258 600 3340 igitur
632 3265 739 3342 potest
772 3260 905 3342 cogitari
938 3279 1003 3326 non
1034 3275 1106 3325 esso
1138 3271 1200 3340 qno

140 3357 246 3440 majus
269 3362 382 3445 nequit
403 3363 547 3444 cogitari.

564 3606 704 3678 cAPU‘r
726 3607 780 3675 lv.

257 3745 422 3806 Differentiae
438 3747 511 3806 inter
526 3764 606 3821 posse
623 3749 746 3822 anglari,
764 3716 793 3805 et
808 3747 923 3820 intelligi
940 3765 994 3805 non
1012 3760 1079 3804 esse.

229 3925 322 4008 Quod
352 3931 460 3993 antem
493 3925 585 3993 dicis:
617 3926 693 4012 quia
719 3944 790 3995 cnm
819 3923 935 3993 dicitur
965 3921 1050 4006 quod
1079 3941 1204 3991 summa

143 4051 197 4101 res
218 4034 282 4101 ista
304 4050 368 4100 non
391 4049 463 4100 esso
485 4036 625 4131 nequeat
647 4031 795 4120 cogitari,
824 4027 938 4097 malias
960 4026 1097 4137 tortasse
1119 4028 1203 4097 dice-
