2684 4546
678 273 740 337 ms

179 440 319 508 surdum.
360 443 493 509 ‘Falsum
515 447 564 510 est
586 440 687 524 igitur
705 461 768 515 non
788 458 864 509 esse
887 442 1021 527 aliquid,
1044 447 1109 527 quo
1130 444 1235 527 majus

179 547 311 628 cogitari
333 566 396 614 non
418 549 535 631 possit,
568 549 595 615 si
617 550 668 615 vel
691 548 824 630 cogitari
844 552 966 631 potest:
998 549 1096 615 multo
1126 549 1260 632 itaque*

177 636 309 733 trisagio,x
328 653 355 718 si
387 654 520 736 intelligi
551 659 607 720 aut
636 655 670 720 in
703 653 869 723 intellectu
898 671 969 721 esse
999 659 1113 736 potest.
1136 654 1234 721 'Plus

178 757 298 841 aliquid
320 759 437 825 uisam:
459 760 570 842 procul
586 759 682 824 dubio
698 746 847 841 quioqui'd
863 758 979 824 alicubi
994 765 1051 823 aut
1065 758 1234 842 aliquando

177 881 241 929 non
266 868 332 944 est,
354 864 478 929 etiarnsi
501 870 552 929 est
573 864 691 929 alicubi
706 870 763 928 aut
785 863 975 947 aliquand03
997 869 1105 946 potest
1126 869 1234 930 tamen

176 969 306 1049 cogitari
332 987 494 1052 nunquam
518 973 550 1035 et
572 988 728 1053 nusquam
746 986 833 1048 esse,
857 969 939 1035 siout
960 988 1024 1036 non
1047 974 1097 1034 θθῖ
1119 958 1248 1034 alieubi

175 1063 231 1139 aut
245 1073 431 1156 aliquando.
475 1073 557 1138 Num
580 1075 665 1156 quod
689 1072 844 1138 horinon
874 1071 953 1153 fuit,
989 1077 1021 1138 θῖ
1053 1072 1147 1138 hodia
1168 1079 1233 1138 est:

174 1177 256 1244 sieut
279 1178 347 1245 heri
371 1197 433 1244 non
457 1176 557 1244 fuisse
579 1178 782 1257 intelligitur3
812 1179 858 1244 ita
880 1196 1042 1261 nunquam
1058 1194 1139 1243 esse
1160 1177 1235 1243 sub·

173 1282 307 1364 intelligi
330 1287 456 1364 potest:
487 1290 521 1350 et
543 1284 628 1367 quod
650 1283 701 1350 hio
723 1303 787 1349 non
811 1289 876 1365 est,
908 1288 941 1349 et
963 1283 1041 1349 alibi
1064 1287 1129 1363 eat,
1153 1283 1236 1349 siout

174 1404 239 1453 uon
263 1393 313 1466 est
333 1388 402 1469 hic,
425 1382 478 1454 ita'
492 1393 600 1471 potest
622 1389 754 1469 cogitari
777 1405 934 1470 nusquam
958 1405 1037 1453 esse.
1083 1387 1235 1454 Similiter

175 1493 266 1576 quus
287 1499 396 1575 partes
418 1494 563 1577 singulae
578 1512 642 1559 non
658 1499 735 1559 sunt
749 1493 804 1558 ubi
827 1498 884 1558 aut
904 1493 1031 1576 quando
1054 1496 1131 1560 sunt
1151 1492 1234 1578 aliae

173 1594 283 1692 partes
306 1602 392 1685 ejue;
415 1619 525 1667 omnes
547 1605 673 1682 partes,
695 1603 729 1666 et
751 1600 822 1666 ideo
837 1601 941 1682 ipsum
958 1604 1076 1678 toturn,
1098 1601 1233 1680 possunt

174 1705 302 1788 cogitari
331 1725 494 1789 nunquam
526 1712 582 1773 ant
614 1723 770 1789 nusquam
799 1723 879 1771 esse.
922 1704 1004 1771 Nam
1027 1703 1087 1770 etsi
1109 1702 1234 1769 dicatur

172 1817 298 1894 tempus
321 1830 449 1894 semper
464 1831 552 1895 esse,
576 1818 609 1879 et
623 1812 761 1878 mundus
776 1811 913 1894 ubique;
937 1829 1001 1877 non
1023 1813 1131 1874 tamen
1152 1806 1233 1872 illud

172 1920 274 1982 totum
297 1935 438 2007 semper,
469 1923 533 1983 aut
553 1918 615 1984 iste
645 1923 732 1984 totus
760 1920 810 1983 eat
832 1916 976 1999 ubique;
1008 1919 1041 1981 et
1062 1913 1145 1980 sio‘ut
1166 1911 1233 1978 sin·

172 2020 264 2101 gulae
280 2026 394 2103 partes
417 2021 570 2104 temporis
594 2039 657 2087 non
680 2025 774 2101 sunt,
809 2020 936 2104 quando
960 2019 1044 2086 aliae
1066 2022 1156 2096 sunt;
1186 2018 1233 2083 ita

170 2130 307 2206 possunt
330 2144 492 2209 nunquam
510 2145 581 2193 esse
597 2127 741 2208 rogitari3
766 2131 798 2192 et
820 2127 964 2208 singulae
978 2124 1090 2190 mundi
1111 2126 1231 2204 partes,
1329 2158 1333 2167 ,

171 2231 254 2296 sicut
275 2250 337 2296 non
361 2237 437 2298 sunt
469 2233 524 2299 ubi
558 2233 640 2299 alise
672 2236 764 2312 sunt3
795 2232 841 2297 ita
871 2230 1068 2311 subintelligi
1094 2232 1232 2311 possunt

20 2330 40 2351 ²
172 2353 329 2418 nusquam
364 2355 453 2404 esse:
487 2337 544 2404 sed
576 2343 609 2404 et
642 2339 727 2422 quod
758 2338 903 2420 partious
936 2338 1137 2421 conjunctum
1172 2337 1232 2414 est,

172 2442 361 2522 cogitatione
384 2443 531 2524 dissolvi,
554 2448 588 2510 θῖ
610 2462 673 2509 non
698 2460 768 2511 esse
790 2447 906 2526 potest.
951 2442 1058 2522 Quare
1080 2437 1230 2523 quioquid

171 2545 287 2614 alicubi
309 2549 366 2613 aut
387 2547 560 2631 aliquando
581 2552 685 2615 totum
707 2569 771 2615 non
795 2552 862 2630 est,
887 2548 1011 2614 etiamsi
1033 2551 1100 2628 est,
1123 2549 1231 2627 potest

171 2653 302 2735 eogitari
325 2673 389 2720 non
411 2672 501 2720 esse:
533 2660 652 2739 atquo
675 2640 779 2739 majus
803 2655 935 2737 cogitari
962 2651 1091 2734 nequit,
1121 2649 1148 2715 si
1171 2655 1230 2731 est,

170 2775 234 2824 non
258 2764 365 2841 potest
387 2760 518 2844 eogitari
549 2780 612 2827 non
646 2779 733 2843 esse,
764 2760 904 2843 alioquin
935 2759 963 2825 si
996 2761 1061 2840 est,
1094 2774 1157 2822 non
1181 2757 1230 2820 est

172 2880 234 2944 quo
257 2865 361 2947 majus
377 2865 510 2946 cogitari
526 2884 589 2931 non
605 2869 727 2949 potest:
751 2864 835 2947 quod
850 2881 915 2928 non
932 2861 1087 2929 convenit.
1117 2858 1230 2926 Nulla·

108 2988 112 2995 ·
169 2973 263 3034 tenus
294 2987 369 3051 ergo
403 2970 534 3051 alieubi,
568 2976 624 3037 aut
657 2969 830 3053 aliquando
860 2972 961 3034 totum
985 2985 1049 3032 non
1071 2969 1138 3046 eat3
1172 2963 1230 3032 sed

56 3070 58 3075 ’
169 3091 295 3157 semper
317 3081 351 3142 et
373 3077 489 3160 ubique
507 3076 613 3143 'toturn
637 3081 694 3143 est.
739 3076 881 3143 Putasne
911 3073 1113 3157 aliquatenus
1134 3088 1229 3152 posse

169 3180 304 3261 eogitari
325 3181 376 3255 vel
399 3181 549 3262 intelligi,
577 3184 633 3246 aut
648 3198 718 3246 esse
732 3182 765 3246 in
782 3179 973 3260 cogitatione
988 3176 1039 3244 vel
1055 3174 1228 3254 intellectu,

170 3284 297 3364 dequo
317 3283 396 3351 haec
417 3285 664 3367 intelliguntur?
687 3285 720 3350 Si
743 3285 826 3351 enim
843 3302 907 3350 non
921 3286 1045 3366 potest,
1069 3299 1133 3346 non
1155 3296 1228 3362 pos·

169 3392 245 3455 aunt
266 3387 344 3453 haee
366 3387 502 3468 intelligi
533 3388 573 3453 de
595 3406 642 3453 eo.
687 3387 779 3466 Quod
801 3387 829 3452 si
852 3387 929 3452 dicis
952 3405 1016 3453 non
1037 3385 1174 3468 intelligi
1196 3389 1229 3452 et

169 3513 232 3560 non
256 3511 327 3561 esse
348 3494 382 3559 in
404 3493 587 3575 intellectu,
611 3492 696 3576 quod
712 3510 776 3559 uon
798 3493 926 3575 penitus
949 3492 1156 3573 intelligitur3
1178 3490 1230 3557 die

169 3599 243 3686 quia
265 3599 319 3683 qui
341 3617 405 3665 non
427 3590 534 3682 potest
555 3599 673 3666 intueri
694 3600 897 3682 purissimam
918 3599 1022 3666 lucem
1045 3597 1140 3678 solis,
1163 3614 1228 3662 non

168 3706 255 3773 videt
277 3706 379 3773 luoem
403 3705 482 3788 diei,
505 3724 588 3789 quae
609 3725 674 3773 non
697 3710 746 3772 est
768 3706 831 3772 nisi
852 3705 907 3771 lux
929 3705 1014 3772 solis.
1059 3701 1154 3768 Certe
1176 3701 1228 3770 vel

167 3811 322 3878 hactenus
344 3810 552 3895 intelligitur,
576 3815 608 3878 et
631 3816 680 3879 est
700 3812 735 3878 in
757 3811 941 3893 intellectu,
965 3828 1028 3894 quo
1049 3809 1153 3893 majus
1176 3825 1228 3876 oo·

168 3916 263 3999 gitari
284 3917 413 4005 nequit3
436 3921 478 4012 ut
493 3917 572 3985 haee
594 3916 635 3984 de
657 3935 696 3985 eo
716 3916 948 3999 intelligantur.
1008 3966 1013 3977 ,
