2684 4546
691 269 735 330 et

174 437 334 521 Spiritus3
357 439 407 501 est
428 435 531 516 enim,
561 435 645 502 sicut
663 437 730 519 jarn
753 441 960 519 perspectum
984 443 1051 520 est,
1074 441 1249 524 unusquis·

173 563 236 630 que
260 540 325 609 non
348 526 462 608 minus
476 541 510 606 in
534 540 606 607 aliis
629 541 778 624 quanio
803 543 929 623 seips03
958 549 996 608 ut
1019 561 1089 609 cum
1112 544 1247 633 inulcem

173 649 357 727 sedicunt,
393 647 439 714 sic
467 647 618 743 videatur
640 647 725 713 idem
747 648 834 729 ipse,
870 649 924 730 qui
946 649 1081 729 dicitur,
1114 638 1250 732 gipnere

72 777 75 783 ·
172 755 306 821 uerbum
329 771 448 832 suum,¹
464 754 731 835 quemadmodum
748 771 854 818 cuma
878 754 983 835 seipso
1007 755 1132 820 dicitur.
1163 756 1249 835 Quo·

172 857 266 924 modo
290 876 366 939 ergo
389 856 468 921 nihil
490 857 595 937 gignit
610 857 727 937 Filius,
750 865 807 923 aut
823 859 893 940 ejus
907 859 1077 944 Patrisque
1093 858 1249 942 Spiiitus;

136 1025 144 1035 ,
173 963 200 1028 si
223 960 444 1045 unusquisque
460 979 570 1025 eorum
588 962 721 1027 verbum
744 961 848 1045 gignit
871 979 981 1044 suum,
1005 982 1078 1029 oum
1100 983 1119 1028 a
1141 966 1248 1045 seipso

172 1067 290 1134 dicitur
313 1066 362 1133 uel
386 1067 425 1131 ab
448 1065 538 1131 alio?
576 1065 661 1144 Quot
691 1073 800 1132 autem
832 1070 931 1135 verba
957 1069 1089 1149 probari
1111 1078 1250 1152 possunt

172 1172 213 1238 de
236 1189 360 1237 summa
384 1171 472 1239 nasci
495 1172 694 1253 substantia,
724 1179 772 1239 tot
795 1192 865 1239 eam
889 1190 1021 1240 necesse
1045 1180 1111 1254 est,
1134 1165 1247 1244 secun·

172 1277 247 1343 dum
277 1275 475 1357 superiorem
507 1276 814 1357 considerationem,
847 1275 929 1343 filios
959 1277 1110 1360 gignere,
1139 1284 1172 1344 et
1200 1285 1249 1348 tot

173 1380 319 1447 emittere
342 1380 484 1463 spiritus.

571 1587 709 1656 CAPUT
732 1589 848 1656 LXIII.

172 1724 311 1795 Quomodo
329 1742 384 1782 non
401 1727 438 1781 ait
456 1726 494 1782 ibi
511 1726 565 1782 nlsi
588 1742 658 1782 unus
682 1722 780 1797 unlu's3
805 1726 857 1784 hoc
883 1733 939 1800 est,
962 1743 1046 1784 unum
1064 1728 1197 1798 Verbum,
1219 1734 1257 1784 et·

598 1815 709 1870 excolo
726 1814 817 1870 Patre.

171 1928 391 2006 Conspectus
421 1934 562 2004 capitis.
586 1965 621 1976 -
639 1935 768 1990 Attamen
787 1950 849 1990 cum
867 1941 917 1992 dec
934 1936 1026 2006 plures
1044 1939 1099 1994 sint
1116 1937 1247 2010 dicentes,

241 2034 293 2080 nec
309 2023 389 2093 plura
406 2023 542 2091 sintquae
560 2021 700 2091 dicuutur,
719 2022 767 2078 sed
785 2037 839 2076 urna
857 2025 893 2078 sit
906 2025 1037 2093 essentia,
1058 2039 1127 2094 quae
1144 2023 1245 2081 intelli·

241 2112 282 2181 git
298 2117 326 2166 et
342 2107 517 2177 intelligitur,
544 2115 651 2163 constat
677 2110 741 2178 quia
764 2125 853 2179 neque
872 2117 936 2166 aunt
952 2110 1045 2181 plures
1064 2118 1173 2183 patres,
1194 2128 1246 2168 nee

239 2199 320 2269 plura
336 2197 430 2266 rerba,
458 2213 510 2251 nec
526 2197 618 2266 plures
636 2196 702 2265 filii;
730 2197 868 2254 sedunus
889 2205 930 2255 est
947 2200 1054 2271 dicens,
1084 2217 1132 2258 seu
1152 2202 1243 2270 Pater,

241 2294 270 2344 et
287 2283 377 2341 unum'
390 2285 523 2353 Verbum,
541 2299 589 2340 seu
606 2300 677 2340 unus
695 2285 788 2341 Filius.
819 2286 897 2343 Licet
914 2303 979 2357 ergo
996 2288 1092 2358 Pater,
1111 2286 1242 2357 Verbum,

134 2363 136 2367 ’
241 2380 269 2430 et
287 2373 406 2442 Spiritus
422 2371 526 2440 pariter
543 2386 572 2427 se
590 2379 618 2427 et
641 2372 734 2428 umbos
761 2372 830 2428 alios
858 2372 963 2443 dicant,
989 2390 1074 2430 unum
1097 2372 1184 2429 solum
1202 2371 1243 2428 ibi

242 2469 285 2520 eut
311 2460 442 2530 Verbum,
472 2460 545 2529 quod
563 2458 613 2516 nec
630 2459 766 2517 ullatenus
784 2463 905 2518 omniurn
923 2464 1018 2531 trium,
1042 2460 1091 2517 sed
1109 2461 1245 2516 duntaxat

239 2548 322 2605 unius
339 2549 474 2618 ipsorum,
500 2548 604 2628 scilieet
621 2548 725 2620 Patris,
743 2548 865 2606 Verbum
884 2550 938 2605 dici
955 2555 1053 2621 potest.
1088 2549 1151 2606 Non
1169 2546 1244 2602 enim

238 2637 327 2706 imago
338 2642 386 2691 aut
397 2635 486 2691 Filius
505 2641 547 2691 est
564 2636 675 2708 suimet,
693 2643 741 2693 aut
760 2653 777 2693 u
795 2653 824 2694 ue
838 2638 1012 2708 procedentis
1021 2635 1147 2706 Spiritus.
1172 2632 1244 2691 Nam

239 2739 290 2781 nec
308 2741 342 2780 ox
361 2725 464 2793 seipso,
488 2738 539 2779 nec
563 2739 598 2780 ex
621 2725 786 2794 procedente
804 2741 821 2780 a
838 2741 868 2781 se
884 2726 1021 2795 nascitur;
1047 2738 1099 2781 nec
1115 2722 1244 2791 seipsum,

239 2817 288 2866 cut
310 2810 502 2880 procedentem
529 2826 546 2865 a
572 2826 602 2866 se
627 2812 769 2868 existendo
796 2813 926 2867 imitatur.
966 2813 1062 2868 Restat
1084 2810 1169 2881 Igitur
1192 2807 1244 2863 hoc

239 2896 327 2955 solum
343 2896 465 2954 Verbum
490 2897 563 2952 illius
588 2897 675 2954 aolius
692 2915 766 2970 esse,
791 2899 825 2956 de
848 2916 903 2970 quo
920 2899 1055 2956 nascendo
1072 2898 1156 2954 babet
1175 2909 1242 2965 esse,

240 2994 268 3043 et
285 2985 321 3042 ad
340 2987 420 3057 cujus
438 2986 620 3043 omnimodam
639 2987 845 3044 similitudinem
863 2989 964 3045 existit
1044 3032 1047 3037 ,

175 3218 178 3222 a
256 3164 327 3231 Hac
348 3164 458 3245 itaque
479 3163 606 3228 ratione
628 3163 780 3230 videntur
809 3165 843 3231 in
873 3164 928 3230 illa
957 3179 1116 3229 essenon
1139 3159 1243 3227 solum

170 3270 263 3357 multi
286 3275 412 3351 putres,
436 3273 469 3334 et
490 3265 566 3350 filii,
590 3271 623 3332 et
637 3269 868 3352 procedentes,
891 3268 950 3334 sed
973 3271 1006 3333 et
1027 3267 1109 3333 aliae
1132 3280 1244 3331 neces·

169 3374 348 3450 situdines;
378 3376 434 3438 aut
456 3379 543 3438 certe
565 3372 680 3453 Peter,
711 3379 744 3439 et
764 3374 880 3454 Filius,
904 3379 1069 3439 eteorum
1094 3372 1243 3454 Spiritus,

170 3483 210 3549 de
228 3481 351 3563 ,quibus
369 3479 437 3561 jam
461 3479 672 3546 certissimum
695 3485 762 3560 est,
786 3481 961 3563 quievere
984 3479 1143 3556 existunt,
1178 3491 1243 3539 non

170 3591 247 3655 sunt
269 3590 336 3650 tres
360 3582 519 3664 dicentes,
549 3583 695 3666 quamuis
725 3585 870 3668 singulus
893 3585 1029 3667 quisque
1052 3583 1094 3648 sit
1117 3580 1243 3660 dicens3

170 3712 230 3759 nec
252 3695 329 3758 sunt
351 3689 462 3772 plura,
498 3706 582 3771 quae
613 3689 781 3772 dicuntur,
817 3710 889 3756 cum
916 3687 1137 3770 unusquisque
1159 3683 1243 3764 seip-

170 3815 258 3878 sum,
282 3801 316 3862 et
337 3791 417 3860 alios
441 3793 521 3858 duos
544 3793 630 3859 dicit.
676 3794 767 3861 Sicut
789 3782 879 3861 enim
897 3809 1040 3859 summae
1063 3787 1244 3872 sapientiae

169 3902 257 3968 inest
278 3903 360 3970 scire
384 3906 417 3966 et
438 3897 635 3982 intelligere3
657 3900 703 3965 ita
725 3901 837 3984 utique
859 3903 1013 3964 aeternae
1034 3895 1244 3972 incommuta-

169 4005 307 4090 bilisque
330 4006 485 4074 scientiae
502 4010 534 4072 et
548 4005 784 4087 intelligentiae
799 4001 945 4071 naturale
968 4007 1036 4082 est,
1059 4000 1093 4079 id
1116 4013 1245 4080 semper
