2684 4546
583 226 704 332 'ao

142 456 215 506 cum
238 455 311 504 oum
331 436 394 523 lroe
415 436 561 518 nomine,
593 438 678 521 quod
700 440 770 518 cst,
802 437 914 517 homo,
938 437 1080 520 significo
1123 439 1218 506 aliter

141 542 320 610 cumidem
343 558 460 611 nomen
484 545 597 607 tacens
628 541 750 620 cogit03
782 539 877 607 aliter
906 553 1078 607 cumeum
1110 543 1218 624 ipsum

140 643 301 711 hominem
318 662 433 733 umens,
456 650 514 712 aut
535 663 595 726 per
618 645 760 725 corporis
784 645 973 725 imaginem,
1004 652 1060 712 aut
1082 665 1141 729 per
1163 667 1216 713 ra-

140 752 260 817 tionem
281 751 446 829 intuetur;
468 767 528 830 per
552 749 693 829 corporis
718 748 848 831 quidem
870 748 1060 828 imaginem,
1084 754 1120 813 ιιι
1141 742 1214 813 cum

140 857 223 941 ejusx
233 853 418 920 sensibilem
447 853 583 941 figuram
613 853 825 932 imaginatur:
856 872 916 933 per
946 853 1103 918 rationem
1128 870 1215 930 vero,

138 965 175 1023 ιιι
198 977 269 1025 cum
300 955 516 1047 universalem
549 956 619 1037 ejus
647 949 844 1036 essentiam,
878 975 960 1041 quae
995 965 1062 1037 est,
1097 956 1217 1021 animal

137 1059 294 1128 rationale
317 1060 467 1140 mortale,
491 1061 620 1140 cogitat.
649 1061 721 1126 Hae
744 1079 819 1128 vero
843 1067 910 1127 tres
931 1061 1083 1145 loquendi
1107 1061 1213 1127 varie-

137 1169 221 1231 tates
255 1163 402 1248 singulae
432 1163 541 1230 verbis
573 1163 623 1228 sui
662 1163 792 1245 generis
827 1170 995 1245 constant,
1029 1166 1087 1232 sed
1118 1166 1215 1247 illius,

138 1286 233 1354 quam
257 1269 386 1335 tertiam
410 1275 442 1335 et
465 1269 609 1346 ultimam
643 1269 753 1350 posui,
787 1270 957 1337 locutionis
991 1274 1109 1359 verba,
1143 1293 1214 1339 eum

138 1373 179 1440 ‹le
201 1373 299 1440 robus
331 1387 395 1440 non
425 1373 584 1454 ignoratis
601 1378 708 1453 -sunt,
742 1375 917 1440 naturalia·
935 1378 1029 1457 sunt,
1063 1383 1096 1442 et
1121 1377 1215 1458 ,apud

136 1484 249 1544 omnes
271 1481 384 1560 gentes
408 1482 485 1543 sunt
499 1478 619 1543 eadem.
650 1477 693 1543 Et
717 1478 869 1562 quoniam
892 1479 1000 1559 omnia
1024 1481 1088 1546 alia
1113 1482 1214 1548 verba

135 1591 269 1666 propter
290 1583 371 1650 haec
393 1588 470 1648 sunt
490 1583 644 1661 inventa3
676 1582 732 1650 ubi
761 1584 943 1663 istasunt,
977 1584 1101 1650 nullum
1125 1585 1212 1650 aliud

135 1687 270 1755 uerbum
295 1694 344 1754 est
367 1688 584 1755 necessarium
617 1688 659 1755 ad
692 1688 773 1784 rem·
793 1685 1065 1770 cognoscendam
1096 1695 1129 1756 et
1156 1690 1213 1756 ubi

135 1793 199 1858 ista
222 1811 381 1860 essenon
411 1798 567 1875 possunt,
601 1793 724 1859 nullum
756 1794 843 1859 aliud
877 1800 926 1860 est
959 1795 1037 1860 utile
1069 1795 1112 1860 ad
1144 1813 1213 1860 rem

135 1896 376 1965 ostendendam.
421 1898 565 1963 Possunt
589 1897 693 1963 ,etiam
728 1915 792 1963 non
837 1899 979 1967 absurde
1017 1900 1079 1966 dici
1120 1903 1212 1964 tanto

134 2002 279 2081 veriora,
303 2006 425 2085 quanto
449 2003 551 2082 magis
575 2002 688 2083 rebus,
712 1999 847 2085 quarum
864 2010 941 2068 suut
957 1990 1083 2084 verba,
1098 2003 1213 2069 similia

134 2108 229 2184 sunt,
253 2107 285 2169 et
301 2107 556 2187 easexpressiua
572 2105 770 2188 significant,
794 2109 936 2188 exceptis
959 2109 1211 2192 namquerebus

134 2208 211 2290 illis,
235 2208 351 2293 quibus
372 2211 453 2293 ipsis
476 2194 598 2277 utimur
626 2216 685 2294 pro
720 2211 902 2278 nominibus
925 2212 992 2279 suis
1015 2213 1056 2279 ad
1079 2212 1208 2279 casdem

36 2365 39 2369 «
135 2313 381 2396 significandas,
411 2319 448 2380 ut
461 2321 553 2380 vsunt
583 2314 742 2406 quaedam
765 2324 876 2397 voce's,
908 2317 998 2383 velut
1018 2320 1046 2382 A
1069 2317 1208 2396 vocalis3

135 2419 293 2499 exceptis,
316 2419 466 2500 inquam,
496 2419 565 2500 his,
587 2404 723 2484 'nullum
746 2420 835 2485 alind
852 2422 992 2491 ,verbum
1014 2421 1060 2487 sic
1082 2421 1209 2486 videtur

134 2520 182 2586 rei
206 2519 325 2600 simile,
348 2522 441 2603 quus
464 2529 515 2588 est
538 2523 771 2604 verbum-aut
793 2525 839 2590 sic
862 2543 933 2590 eam
948 2526 1107 2607 exprimit,
1129 2544 1208 2609 quo·

133 2626 228 2692 modo
251 2623 307 2692 illa
328 2625 514 2706 similitudo,
538 2645 622 2711 quae
636 2628 670 2692 in
687 2627 754 2693 acie
770 2627 887 2692 mentis
903 2646 971 2694 rem
995 2629 1098 2709 ipsam
1123 2629 1208 2710 cogi·

134 2732 233 2797 tantis
256 2730 454 2811 exprimitur.
483 2733 569 2798 Illud
587 2732 688 2812 igitur
704 2734 780 2815 jure
804 2731 974 2798 dicendum
997 2739 1046 2798 est
1069 2733 1208 2800 manime

132 2833 298 2914 proprium
322 2839 355 2899 et
376 2834 556 2918 principale
579 2835 627 2900 rei
649 2834 792 2911 uerbum,
839 2833 1044 2918 Quapropter
1067 2837 1095 2902 si
1118 2837 1207 2903 nulla

134 2935 174 3001 de
197 2935 341 3018 qualibet
363 2955 400 3003 re
421 2937 538 3006 locuto
569 2942 694 3003 tantum
711 2938 923 3023 propinquat
953 2942 1018 3023 rei,
1050 2947 1207 3024 quantum

132 3041 190 3107 illa
211 3061 294 3126 quae
315 3043 501 3127 hujusmodi
514 3045 622 3112 verbis
639 3048 780 3128 oonstat;
803 3063 864 3111 nec
886 3045 1007 3130 aliquid
1030 3046 1116 3110 aliud
1140 3053 1205 3110 tam

133 3145 235 3211 sumile
258 3148 306 3212 rei
328 3149 379 3214 vel
402 3148 549 3231 loturae,
585 3151 635 3216 vel
662 3151 730 3231 jem
762 3150 914 3217 existenti
942 3151 976 3215 in
999 3150 1124 3214 ratione
1146 3147 1205 3212 ali-

13 3338 19 3345 ·
134 3251 225 3331 cujus
248 3256 358 3330 potest
379 3269 466 3317 esse:
491 3271 557 3317 non
579 3252 737 3320 immerito
753 3254 856 3320 videri
877 3257 986 3334 potest
1007 3250 1094 3331 apud
1118 3268 1204 3314 sum-

133 3369 216 3416 mam
249 3353 482 3435 substantiam,
521 3356 618 3421 talem
651 3372 762 3421 rerum
796 3355 989 3425 locutionem
1024 3362 1057 3421 et
1073 3420 1076 3425 ,
1092 3353 1204 3436 luisse,

133 3463 308 3539 antequam
332 3464 456 3540 essent,
480 3465 517 3525 ut
537 3479 598 3541 per
613 3479 685 3528 eam
698 3459 830 3540 fiorent3
854 3463 888 3525 et
911 3477 1000 3542 esse,
1025 3479 1095 3527 cum
1118 3454 1205 3526 iacta

133 3567 227 3643 sunt,
251 3568 287 3628 ut
308 3581 367 3644 per
391 3581 461 3628 eam
484 3564 638 3632 sciantur.
866 3564 870 3571 “
