2684 4546
595 562 736 632 CAPUT
758 566 841 634 XVI.

164 682 253 807 ⁸Quod·
268 719 339 774 idam
357 719 393 774 sit
411 717 453 775 illi
470 734 530 777 esse
544 690 661 792 iustam,
687 721 762 791 quod
777 727 820 778 est
837 737 896 779 εεεε
917 721 1066 794 iustitiam
1093 729 1122 781 et
1149 722 1244 780 eodem

172 805 251 861 modo
270 805 303 861 de
321 805 372 876 his,
391 808 594 877 quaesimiliter
606 809 639 865 de
651 808 699 867 iila
712 810 764 867 diei
781 816 910 881 possunt;
928 815 956 866 et
972 810 1046 880 quod
1061 809 1131 866 mbil
1147 809 1244 866 horum

313 899 447 950 monstret
464 896 552 965 qualis
572 896 634 966 illa,
651 897 694 952 vel
713 904 814 967 quauta
831 899 882 968 sit,
901 897 949 955 sed
967 898 1034 968 qnid
1051 898 1095 954 sit.

172 1015 390 1085 Conspectus
418 1017 555 1087 eapitis.
585 1047 619 1059 -
647 1017 756 1074 Summa
779 1025 877 1075 natura
900 1035 954 1076 uon
971 1035 1023 1090 pen
1039 1019 1114 1076 aliud
1131 1020 1179 1077 sed
1195 1034 1245 1090 per
1278 1026 1289 1081 ¹.

246 1119 274 1160 se
293 1110 335 1160 est
351 1104 481 1173 quiequid
498 1109 552 1173 est3
571 1103 631 1174 ipsa
648 1111 740 1160 autem
758 1112 800 1162 εει
819 1107 907 1177 iusta,
931 1113 960 1163 ει
977 1106 1086 1176 quidem
1102 1122 1153 1177 per
1166 1106 1246 1177 justi·

244 1192 316 1247 tiam.
340 1191 428 1261 'Ergo
447 1190 507 1262 ipsa
524 1205 629 1247 summa
646 1197 744 1247 natura
762 1199 804 1249 εει
830 1194 891 1262 ipsa
914 1209 965 1249 sua
987 1194 1112 1264 justitia3
1139 1200 1167 1249 et
1183 1208 1245 1250 enm

244 1295 293 1348 per
307 1271 442 1350 justitiam
457 1281 532 1350 jnsts
548 1279 666 1348 'diuitum
690 1295 739 1348 per
757 1295 786 1336 εε
801 1281 877 1350 justa
894 1279 1063 1348 intelligitur.
1098 1278 1205 1336 Deinde
1222 1279 1246 1336 si

244 1373 399 1437 quaeratur,
418 1367 648 1436 quidsitsumma
659 1372 769 1438 natura,
788 1369 955 1437 quidverius
968 1368 1148 1437 respondetur
1165 1381 1246 1436 qnam
1285 1418 1293 1433 „

192 1506 196 1513 .
240 1458 374 1528 justitia?
392 1458 467 1525 Ergo
486 1458 518 1513 de
537 1464 642 1514 summa
658 1463 758 1514 natura
774 1473 831 1513 uon
848 1456 959 1528 proprie
970 1455 1069 1518 dieitur
1081 1450 1247 1524 quodbabet

165 1528 173 1542 ⁸
192 1612 194 1617 Α
240 1544 389 1614 justitiam,
408 1545 456 1601 sed
474 1546 547 1617 quod
564 1547 657 1601 existit
671 1546 798 1616 justitia:
826 1550 853 1601 et
871 1561 933 1601 eum
951 1544 1051 1600 dicitnr
1068 1542 1188 1615 existens
1201 1541 1246 1610 jn·

245 1632 335 1701 stitia,
353 1648 408 1688 non
426 1631 524 1687 dicitur
541 1633 628 1700 qualis
646 1632 693 1688 sed
706 1624 772 1702 qnid
790 1639 839 1689 est.
876 1634 950 1702 Ergo
969 1647 1031 1687 oum
1049 1620 1153 1686 dicitur'
1163 1629 1248 1699 justa,

244 1734 299 1794 non
325 1718 424 1773 dieitur
450 1719 537 1787 qualis
561 1720 609 1788 sit,
637 1719 685 1775 sed
713 1720 779 1788 quid
804 1721 863 1790 ipsa
889 1721 942 1775 ait:
969 1725 997 1775 et
1022 1717 1094 1774 idem
1112 1722 1155 1773 est
1172 1733 1204 1773 ao
1220 1714 1246 1771 si

245 1806 393 1876 diceretur,
420 1807 480 1876 ipsa
505 1812 546 1862 εει
569 1807 687 1876 justitia.
723 1808 768 1863 Sic
785 1806 909 1875 intellige
926 1810 954 1862 ει
977 1806 1011 1862 de
1028 1794 1247 1874 caeterisquae

245 1894 279 1950 de
296 1893 355 1949 Deo
371 1895 496 1950 similiter
522 1894 656 1950 dicuntur.
692 1894 777 1951 Por‘ro
801 1895 941 1965 quodlibet
958 1895 1057 1950 bouum
1076 1908 1181 1955 summa
1198 1907 1246 1948 na·

245 1988 309 2036 tura
335 1983 382 2050 sit,
414 1998 516 2039 summe
545 1983 614 2039 illud
643 1990 693 2039 est.
730 1985 781 2039 Illa
807 1984 890 2054 igitur
918 1989 961 2039 est
986 1996 1091 2038 summa
1120 1979 1247 2049 essentia,

165 2060 174 2089 ²
245 2084 349 2124 summa
366 2071 437 2140 vita,
455 2086 558 2126 summa
578 2072 665 2140 ratio,
688 2087 793 2128 summa
812 2073 935 2143 justitia,
952 2077 1017 2140 ete,
1044 2068 1116 2140 quod
1132 2084 1187 2123 uon
1205 2072 1248 2122 εει

246 2157 320 2213 aliud
338 2173 533 2235 quamaumme
546 2174 609 2229 ens,
626 2175 728 2214 summe
740 2159 847 2230 vivens,
865 2175 968 2216 summe
979 2155 1125 2224 rationale,
1143 2167 1247 2210 summe

167 2319 170 2322 Α
232 2322 235 2327 Α
242 2245 360 2316 justum,
378 2250 429 2301 ete.

264 2419 329 2487 Sed
358 2418 498 2486 futasse
536 2439 606 2487 oum
639 2420 759 2488 dicitnr
790 2423 897 2505 justa,
936 2420 988 2488 vel
1024 2436 1156 2503 magna,
1194 2415 1246 2483 vel

177 2525 311 2610 aliquid
327 2526 495 2607 similium,
534 2544 599 2592 non
632 2526 814 2592 ostenditur
848 2526 936 2611 qnid·
957 2526 1016 2606 sit,
1049 2524 1108 2591 sed
1138 2522 1280 2606 potins,

175 2631 302 2715 qualis,
326 2631 377 2696 vel
401 2637 525 2714 quanta
547 2632 598 2697 sit.
628 2631 691 2696 Per
715 2631 902 2715 qualitatem
918 2631 1054 2713 qnippe,
1077 2629 1129 2693 val
1146 2643 1246 2710 quan·

176 2735 317 2813 titatem,
350 2735 517 2820 quodlibet
549 2736 663 2801 borum
697 2736 773 2802 dici·
792 2736 929 2801 videtur.
975 2736 1078 2802 Omne
1108 2748 1247 2815 namque

177 2840 263 2923 quod
281 2842 403 2923 justum
421 2846 485 2922 est,
508 2860 569 2927 per
588 2841 746 2925 justitiam
768 2841 890 2924 justum
907 2845 972 2920 est3
994 2845 1028 2906 ει
1051 2837 1119 2905 alia
1136 2837 1247 2920 hujus-

177 2942 264 3006 modi
286 2943 442 3009 similiter.
488 2946 596 3024 Quare
618 2947 690 3026 ipsa
713 2964 838 3011 summa
852 2951 968 3011 natura
991 2963 1055 3011 non
1079 2949 1129 3010 εει
1147 2944 1246 3025 justa,

80 3108 89 3124 ,
178 3045 241 3109 nisi
262 3063 321 3126 per
340 3046 509 3128 jnstitiam.
541 3049 677 3115 Videtur
691 3050 789 3130 igitur
804 3049 1051 3131 participatione
1074 3046 1247 3131 qualitatis,

173 3150 322 3233 justitiae
345 3149 480 3232 scilicet,
501 3153 593 3235 Justa
615 3153 676 3219 diei
699 3170 822 3218 summe
837 3154 923 3219 bona
938 3150 1138 3217 substantia:
1163 3148 1247 3232 quod

176 3257 204 3320 ai
226 3255 272 3320 ita
295 3260 361 3337 est,
385 3273 444 3337 per
468 3257 554 3324 aliud
578 3261 627 3322 εει
646 3257 751 3340 justa,
777 3277 840 3324 non
864 3276 923 3340 per
946 3274 988 3323 se.
1026 3257 1070 3321 At
1091 3254 1151 3320 hoe
1173 3268 1247 3319 con·

176 3360 310 3425 tranium
334 3365 384 3425 est
415 3361 543 3427 veritati
574 3361 756 3445 perlectam
792 3364 867 3448 quia
900 3364 1002 3442 baua,
1038 3359 1089 3426 vel
1119 3374 1247 3439 magna,

131 3496 134 3503 ·
176 3465 227 3532 vel
250 3465 447 3546 subsistens,
481 3467 566 3550 quod
584 3473 647 3536 ¹est
677 3468 822 3548 omnino,
855 3482 915 3550 ρετ
943 3485 978 3532 εε
1001 3470 1068 3546 εει,
1103 3482 1166 3529 nou
1188 3480 1248 3545 per

177 3569 275 3635 aliud.
321 3568 354 3635 si
377 3570 476 3650 igitur
498 3589 563 3637 uon
587 3578 637 3638 εει
655 3575 761 3656 justa,
796 3573 858 3639 uisi
891 3591 950 3655 per
975 3571 1153 3655 Justitiam,
1188 3585 1249 3633 uec

173 3675 263 3756 justa
286 3692 356 3742 esse
378 3678 487 3757 potest
517 3675 578 3739 nisi
605 3695 668 3757 ,ρετ
698 3695 753 3743 se:
788 3679 863 3762 quid
897 3678 998 3758 magis
1032 3673 1246 3757 conspicuum,

177 3778 254 3862 quid
277 3779 378 3860 magis
401 3779 634 3861 necessarium,
670 3800 764 3865 quam
799 3783 884 3866 quod
908 3783 1021 3848 eadem
1045 3786 1163 3846 natura
1199 3785 1248 3846 est

177 3883 248 3969 ipsa
266 3883 411 3966 justitia:
448 3888 579 3949 etcum
613 3884 728 3951 dicitur
762 3905 832 3952 esse
867 3887 957 3969 justa
989 3905 1048 3967 per
1079 3884 1247 3968 justitiam,

177 3986 262 4053 idem
286 3991 336 4052 εει
358 3989 443 4072 quod
461 4008 524 4072 ρετ
548 4007 598 4069 εε;
628 3995 660 4058 ει
683 4005 753 4058 cum
772 3993 863 4076 justa
884 4010 944 4074 ρετ
966 4010 1002 4058 εε
1027 3991 1142 4059 dicitur
1166 4008 1246 4072 esse,
