2684 4546
653 263 672 324 8

553 476 692 566 carni
714 499 767 565 1v.

556 637 599 692 De
617 635 712 691 eadem
729 651 767 691 re.

127 744 348 814 conspectus
376 741 514 810 eapitis.
542 771 573 780 -
601 740 662 794 Non
681 754 773 794 omnes
793 745 910 794 naturae
926 744 990 794 sunt
1007 751 1088 806 pares
1109 736 1195 806 digni-

196 837 268 899 tate;
285 830 334 885 sed
351 829 422 884 aliae
441 829 501 883 aliis
512 833 576 883 sunt
587 827 721 882 meliores.
733 853 736 858 ,
746 827 820 895 Ergo
832 842 887 880 una
899 826 978 881 datur
996 839 1064 893 quae
1082 824 1196 879 caeteris

196 917 237 972 sic
253 916 450 986 supereminet,
477 907 581 970 utnon
598 914 699 969 habeat
719 930 747 968 se
767 915 951 983 superiorem:
981 912 1100 980 alioquin
1119 917 1196 966 natu·

195 1017 288 1058 rarum
314 1001 458 1056 multitudo
485 999 559 1054 nullo
585 999 640 1054 fine
667 1000 852 1069 clauderetur,
882 999 954 1067 quod
978 1004 1019 1053 est
1043 997 1197 1052 absurdum.

196 1088 325 1157 Superior
343 1093 436 1143 autem
452 1093 551 1142 natura
568 1091 616 1140 aut
636 1092 678 1141 est
703 1087 772 1156 sela,
800 1092 848 1141 aut
872 1085 965 1155 plures
983 1090 1048 1139 sunt
1064 1083 1197 1152 aequales.

173 1208 176 1213 -
197 1174 226 1230 Si
245 1174 351 1244 plures,
374 1174 501 1243 aequales
518 1190 573 1229 non
597 1180 674 1243 sunt,
699 1174 753 1229 nisi
771 1189 822 1243 per
838 1173 941 1242 aliquid
958 1172 1031 1227 idem
1049 1171 1122 1239 quod
1139 1171 1199 1239 ipsa

197 1260 234 1316 sit
251 1277 344 1317 earum
362 1263 495 1317 essentia:
522 1262 546 1316 si
570 1261 653 1316 enim·
665 1277 726 1331 per·
739 1260 813 1316 aliud
831 1267 921 1317 essent
940 1258 1081 1327 aequales,
1107 1260 1199 1312 essent

199 1347 247 1403 illo
265 1349 401 1418 minores;
426 1366 477 1406 nec
495 1350 609 1419 proinde
626 1364 730 1403 summa
744 1354 839 1405 'essent
855 1365 887 1404 ac
905 1349 1018 1404 caeteris
1036 1345 1197 1415 superiores.
1291 1351 1294 1360 ¹

199 1435 253 1492 Est
271 1437 356 1506 igitur
373 1453 428 1493 una
444 1437 575 1506 quaedam
589 1441 688 1490 natura
704 1451 753 1490 seu
772 1436 899 1505 essentia,
918 1447 988 1503 quae
1006 1439 1049 1488 est
1066 1449 1199 1488 summum

201 1520 408 1591 omnium'quae
426 1526 505 1592 sunt3
530 1538 599 1590 quae
618 1537 668 1590 per
686 1538 715 1577 se
732 1522 805 1577 bona
829 1528 856 1578 et
879 1508 992 1592 magna3
1016 1536 1085 1589 quac
1102 1534 1152 1588 per
1169 1533 1198 1573 se

179 1664 182 1669 ,
200 1608 286 1664 estid
305 1608 378 1676 quod
396 1609 458 1677 ipsa
476 1615 529 1676 est,
549 1599 582 1663 et'
593 1624 642 1678 per
662 1625 743 1677 quam
761 1615 803 1665 est
820 1609 949 1678 quicquid
968 1613 1015 1663 aut
1032 1608 1135 1664 bonum
1152 1610 1199 1659 aut

198 1691 327 1764 magnum
344 1701 392 1750 aut
409 1696 513 1766 aliquid
530 1703 580 1753 est.

218 1867 383 1951 Amplius:
407 1871 434 1936 si
449 1872 521 1954 quis
536 1872 686 1938 intendat
700 1892 808 1938 rerum
824 1877 975 1954 naturas,
999 1872 1085 1952 velit,
1111 1872 1200 1951 nolit,

130 1972 229 2039 sentit
251 1993 314 2039 non
339 1993 393 2042 eas
416 1995 526 2043 omnes
558 1977 712 2044 contineri
745 1995 812 2043 una
846 1977 1009 2059 dignitatis
1042 1977 1200 2058 paritate3

131 2077 187 2142 sed
211 2078 367 2160 quasdam
390 2099 500 2146 earum
531 2082 682 2165 distingui
712 2082 869 2165 graduum
900 2083 1093 2162 imparitate.
1139 2083 1200 2162 Qui

131 2182 216 2247 enim
240 2181 374 2264 dubitat,
399 2188 482 2268 quod
505 2188 538 2251 in
562 2192 679 2252 natura
702 2204 761 2251 sua
782 2187 868 2268 ligno
891 2185 1003 2250 melior
1026 2187 1068 2250 sit
1090 2205 1200 2269 equus,

132 2288 166 2352 et
188 2303 269 2367 equo
291 2289 509 2368 praestantior
530 2290 639 2371 homo,
668 2291 696 2355 is
718 2288 864 2372 proiecto
888 2309 951 2356 non
976 2294 1026 2355 est
1047 2291 1202 2356 dicendus

131 2389 234 2454 homo.
280 2389 360 2455 Cum
382 2391 480 2473 igitur
501 2399 690 2459 naturarum
706 2393 790 2459 aliae
813 2393 884 2460 aliis
908 2394 1019 2476 negari
1043 2413 1106 2459 non
1129 2412 1202 2476 pos-

137 2488 202 2558 sint
223 2493 389 2575 meliores,
413 2496 618 2582 nihilominus
633 2500 808 2580 persuadet
831 2501 913 2565 ratio
937 2500 1077 2581 aliquam
1099 2499 1132 2563 in
1157 2499 1202 2568 eis
1233 2480 1242 2493 ’
1307 2543 1312 2551 ‚

133 2597 179 2663 sic
201 2599 460 2681 supereminere,
482 2605 519 2668 ut
542 2622 606 2669 non
628 2603 749 2669 habeat
765 2621 800 2670 se
824 2604 1031 2684 superiorem.
1061 2603 1095 2667 Si
1119 2602 1201 2665 enim

132 2701 317 2784 hujusmodi
340 2707 498 2782 graduum
521 2707 682 2774 distinctio
706 2708 752 2773 sic
785 2711 834 2772 est
862 2706 1002 2785 infinita,
1035 2710 1072 2771 ut
1094 2702 1225 2768 nullus'

133 2805 176 2871 sit
197 2805 242 2870 ibi
257 2806 377 2888 gradus
394 2811 559 2890 superior,
586 2829 648 2892 quo
665 2811 811 2893 superior
827 2811 909 2875 alius
925 2828 988 2875 non
1004 2808 1202 2883 inveniatur3

110 2906 175 2972 ad
197 2907 258 2974 hoc
279 2910 362 2975 ratio
385 2913 572 2997 deducitur,
595 2919 631 2980 ut
654 2915 798 2997 ipsarum
821 2914 990 2980 multitudo
1013 2917 1202 2979 naturarum
1248 2936 1251 2945 ·

134 3011 223 3080 nullo
245 3011 308 3080 fine
332 3015 507 3085 claudatur.
551 3019 620 3086 Hoc
642 3023 750 3086 autem
772 3035 865 3084 nemo
888 3036 952 3083 non
975 3021 1069 3098 putat
1091 3017 1203 3083 absur-

135 3117 228 3197 dam,
262 3119 324 3184 nisi
347 3122 402 3203 qui
426 3122 519 3187 nimis
544 3127 593 3188 est
615 3123 784 3189 absurdus.
829 3123 889 3187 Est
910 3121 1009 3202 igitur
1031 3139 1069 3185 ex
1093 3137 1203 3185 neces·

135 3220 231 3287 sitate
265 3223 372 3304 aliqua
407 3229 537 3306 natura,
570 3243 653 3306 quae
689 3227 734 3292 sic
766 3231 814 3291 est
848 3225 942 3290 alicui
971 3225 1021 3291 vel
1045 3223 1204 3308 aliquibus

135 3325 301 3407 superior,
323 3331 360 3392 ut
382 3329 472 3393 nulla
494 3328 545 3408 sit,
569 3329 619 3394 cui
643 3329 809 3395 ordinetur
830 3326 972 3393 inferior.
1015 3326 1105 3396 Haec
1128 3348 1204 3395 vcro

120 3436 254 3498 'natura
279 3451 361 3514 quae
384 3432 458 3499 talis
481 3438 546 3513 est,
571 3438 627 3498 aut
643 3435 712 3500 sola
728 3437 796 3513 est,
818 3438 875 3499 aut
888 3434 999 3516 plures
1021 3433 1204 3516 hujusmodi

135 3541 169 3604 et
191 3536 342 3619 aequales
366 3542 460 3603 sunt:
484 3557 595 3604 verum
618 3539 645 3604 si
668 3539 780 3620 plures
797 3543 873 3604 suut
895 3543 927 3604 et
949 3539 1109 3622 aequales,
1133 3556 1204 3603 eum
1281 3591 1283 3597 ,

136 3643 288 3726 aequales
311 3659 382 3709 esse
405 3661 469 3708 non
491 3644 618 3724 possint
638 3663 697 3726 per
721 3643 848 3710 diversa
871 3644 1045 3727 quaedam,
1068 3643 1124 3706 sed
1146 3659 1204 3722 per

135 3747 221 3813 idem
245 3746 384 3830 aliquid,
406 3747 486 3813 illud
509 3767 624 3829 unum,
647 3767 706 3831 per
728 3749 813 3833 quod
830 3749 1006 3832 aequaliter
1029 3750 1095 3810 tam
1116 3761 1204 3826 mag-

137 3869 198 3918 nae
221 3857 314 3934 sunt,
334 3855 395 3920 aut
416 3858 466 3919 est
486 3853 625 3936 idipsum
649 3855 736 3938 quod
757 3855 848 3937 ipsae
869 3856 961 3932 sunt,
990 3850 1023 3915 id
1046 3852 1110 3929 est,
1133 3848 1205 3930 ipsa

137 3961 245 4022 rerum
269 3959 426 4047 essentia,
459 3962 517 4026 aut
545 3959 633 4027 aliud
656 3978 752 4044 quam
782 3960 866 4042 quod
895 3958 986 4039 ipsae
1009 3959 1095 4022 sunt.
1139 3952 1204 4020 Sed
