2684 4546
651 312 711 375 145

137 480 166 544 si
188 479 362 562 aliquando
397 484 554 559 negatur,
586 481 672 563 quod
705 482 909 565 aliquatenus
941 483 1151 566 intelligitur,
1186 490 1220 554 et

136 583 221 648 idem
245 587 294 647 cst
316 583 375 665 illi,
402 583 487 666 quod
508 583 695 650 nullatenus
719 585 930 666 intelligitur3
960 605 1069 655 nonne
1091 588 1219 655 facilius

137 688 296 769 probatur
319 689 404 771 quod
428 687 560 752 dubium
583 693 649 769 est,
673 689 712 754 de
735 689 790 754 illo
814 688 900 772 quod
923 690 956 754 in
978 691 1097 774 aliquo,
1121 710 1219 775 quam

137 791 178 858 dc
201 810 239 856 eo
263 792 350 874 quod
372 792 405 855 in
429 790 518 857 nullo
542 796 592 856 est
623 792 813 859 intellectu?
852 794 960 872 Quare
983 813 1044 862 nec
1066 797 1219 864 credibile

136 900 245 978 potest
268 915 355 977 esse,
387 896 504 962 idcirco
528 897 704 979 quemlibet
727 915 847 976 negare
870 916 933 981 quo
956 899 1062 981 majus
1085 900 1219 983 cogitari

137 997 264 1085 nequit,
299 1001 384 1083 quod
419 1001 564 1066 auditum
595 1003 799 1085 aliquatenus
821 1004 991 1084 intelligit;
1022 1004 1098 1088 quia
1121 1011 1219 1086 negat

135 1104 265 1197 Deum,
280 1105 371 1186 cuius
394 1122 525 1169 sensum
542 1106 739 1172 nullomodo
763 1107 893 1186 cogitat.
923 1109 990 1173 Aut
1012 1108 1041 1172 si
1064 1112 1095 1172 et
1119 1107 1218 1188 aliud,

137 1208 212 1291 quia
236 1226 300 1273 uon
316 1207 446 1274 omnino
463 1207 672 1290 intelligitur,
696 1214 849 1290 negatur,
875 1228 983 1276 nonne
1006 1216 1115 1276 tamen
1140 1210 1219 1278 faci·

135 1311 197 1375 lius
227 1311 260 1374 id
290 1312 375 1394 quod
408 1311 516 1394 aliquo
549 1312 660 1392 modo,
695 1330 790 1395 quam
825 1312 858 1377 id
888 1314 974 1395 quod
1005 1314 1092 1379 nullo
1122 1315 1217 1380 modo

136 1415 343 1496 intelligitur,
375 1417 556 1497 probatur?
593 1417 665 1482 Non
700 1436 774 1498 ergo
807 1416 1075 1483 irrationabiliter
1104 1422 1219 1482 contra

135 1518 357 1600 insipientem,
375 1521 633 1600 adprobandum
651 1523 753 1586 Deum
771 1539 860 1603 esse,
884 1520 1010 1601 attulit,
1034 1539 1097 1604 quo
1113 1521 1218 1602 majus

136 1625 267 1706 cogitari
290 1641 355 1687 non
378 1624 497 1703 possit3
532 1644 604 1690 cum
631 1627 711 1691 illud
743 1626 966 1704 nullomodo,
999 1624 1087 1688 istud
1111 1622 1217 1706 aliquo

135 1727 229 1791 modo
253 1724 457 1808 intelligeret.

560 1947 700 2014 CAPUT
724 1948 808 2014 VHI.

134 2084 303 2155 Comparatio
320 2085 443 2154 picturae
461 2100 534 2140 num.
553 2087 578 2138 3.
596 2085 736 2153 proposita
754 2087 935 2141 examinatur.
972 2085 1012 2138 Et
1029 2083 1101 2138 unde
1121 2082 1218 2152 conjici

207 2179 289 2240 queat
307 2186 441 2225 summum
460 2177 600 2238 magnum,
621 2169 654 2224 de
671 2184 725 2237 quo
737 2169 906 2224 adversarius
919 2184 991 2222 num.
1009 2171 1035 2222 4.
1053 2168 1216 2236 quaesierat.

226 2345 320 2424 Quod
341 2363 417 2410 vero
436 2319 506 2407 tam
529 2343 673 2407 studiose
700 2344 838 2422 probas,
872 2361 934 2425 quo
957 2341 1062 2424 majus
1084 2341 1217 2423 cogitari

137 2451 267 2534 nequit,
300 2467 365 2513 non
401 2449 465 2512 tale
499 2464 588 2524 esse3
623 2445 726 2529 qualis
759 2446 900 2511 nondum
924 2446 1011 2512 facta
1033 2446 1160 2527 pictura
1181 2446 1217 2510 in

136 2557 300 2621 intellectu
324 2553 482 2634 pictoria,
498 2552 568 2615 sinc
591 2568 688 2616 causa
710 2548 754 2614 fit.
793 2550 866 2614 Non
890 2550 974 2614 enim
997 2550 1038 2615 ad
1061 2548 1121 2614 hoc
1142 2566 1217 2629 pro·

136 2660 196 2724 tuli
219 2658 375 2738 picturam
407 2655 677 2736 praecogitatam,
712 2656 749 2715 ut
772 2652 838 2716 tale
860 2652 958 2731 illud,
992 2652 1033 2716 de
1056 2669 1119 2734 quo
1142 2668 1217 2731 age·

136 2764 251 2843 batur,
282 2760 398 2828 vellem
422 2777 587 2836 asserere;
618 2757 676 2822 sed
708 2760 850 2835 tantum,
885 2758 922 2818 ut
944 2753 1066 2837 aliquid
1090 2770 1161 2819 esse
1182 2754 1218 2818 in

135 2865 320 2944 intellectu,
345 2865 429 2947 quod
446 2882 509 2929 nou
526 2880 597 2927 esse
612 2859 866 2943 intelligeretur,
889 2876 1018 2940 possem
1034 2856 1217 2924 ostendere.

136 2968 234 3047 Item,
266 2969 352 3050 quod
375 2968 474 3032 dicis:
507 2985 569 3049 quo
592 2965 697 3047 majus
720 2964 854 3043 cogitari
877 2962 1005 3044 nequit,
1040 2961 1218 3026 secundum

134 3090 204 3137 rem
227 3072 277 3136 vel
300 3089 339 3135 ex
361 3089 480 3152 genere
503 3070 564 3135 tibi
586 3069 638 3134 vel
662 3087 701 3133 ex
723 3067 830 3148 specie
862 3071 987 3145 notam,
1020 3069 1053 3129 te
1076 3063 1219 3144 cogitare

136 3176 301 3257 auditum,
334 3174 386 3241 vel
415 3176 449 3239 in
481 3174 649 3240 intellectu
678 3172 799 3238 habere
829 3190 893 3236 non
915 3187 1030 3250 posse;
1067 3167 1218 3252 quoniam

136 3296 195 3344 nec
217 3279 319 3359 ipsam
344 3297 410 3345 rem
436 3279 539 3358 nosti,
573 3296 633 3346 nec
665 3295 736 3345 eam
760 3276 886 3342 exalia
910 3273 1005 3339 simili
1027 3277 1120 3355 potes
1144 3289 1218 3353 cog-

136 3399 288 3459 noscere3
321 3384 430 3464 palam
464 3386 515 3448 est
544 3401 615 3447 rem
648 3381 744 3446 aliter
778 3396 850 3444 sese
883 3377 1012 3442 habere.
1058 3375 1218 3453 Quoniam

136 3502 275 3568 namque
297 3504 392 3550 omne
415 3487 521 3551 minua
555 3487 674 3551 bonum
696 3487 730 3549 in
754 3488 882 3549 tantum
906 3486 955 3547 est
977 3481 1082 3547 simile
1105 3478 1218 3561 majori

135 3590 236 3668 bono,
270 3589 303 3652 in
336 3592 493 3671 quantum
525 3594 576 3653 est
610 3590 750 3665 bonum;
784 3592 877 3668 patet
907 3585 1035 3652 cuilibet
1066 3581 1219 3648 rationali

135 3694 250 3773 menti,
274 3693 349 3776 quia
372 3693 412 3758 de
435 3692 611 3757 minoribus
636 3693 730 3760 bonis
754 3693 796 3757 ad
818 3693 941 3774 majora
964 3688 1217 3768 conscendendo,

136 3814 175 3861 ex
206 3798 275 3876 his,
310 3797 426 3880 quibus
460 3795 582 3878 aliquid
616 3796 748 3878 cogitari
779 3800 888 3877 potest
924 3794 1045 3874 majus,
1079 3791 1217 3858 multum

135 3916 306 3980 possumus
330 3900 489 3981 conjicere
510 3897 608 3978 illud,
634 3916 696 3981 quo
713 3897 792 3963 nihil
815 3899 924 3979 potest
945 3896 1051 3978 majus
1073 3894 1217 3974 cogitari.

136 4003 215 4082 Quis
249 4005 350 4085 enim,
386 4004 477 4071 verbi
510 4002 633 4084 gratia,
667 4001 719 4068 vel
749 4001 809 4068 hcc
840 4000 982 4082 cogitare
1013 4015 1077 4062 non
1099 4002 1216 4079 potest,

963 4107 1003 4166 10
