2684 4546
558 309 564 315 ·
659 278 719 340 100

216 448 350 514 temnere,
369 443 440 498 nihil
457 442 529 498 valet
545 444 677 514 injustum
694 446 845 503 admittere.
880 448 955 515 Ergo
974 455 1003 505 et
1020 465 1136 520 operosa
1152 451 1222 509 tides

216 533 295 601 vivit,
315 531 378 600 qiria
395 529 479 585 habet
495 530 580 586 vitam
598 528 758 602 dilectionis,
776 534 834 588 sine
853 549 907 602 qua
924 550 979 590 non
997 543 1172 608 operaretur,
1193 545 1223 595 et

216 620 304 674 otiosa
320 617 387 672 fides
404 633 458 672 non
476 616 556 687 vivit,
581 619 645 686 quia
663 625 738 674 caret
756 619 812 674 vita
830 619 996 692 dilectionis,
1014 639 1075 678 cnm
1093 639 1147 693 qua
1164 641 1220 681 non

215 706 355 761 otiaretur.
382 703 455 770 ,Ideo
474 709 564 758 autem
581 703 648 760 fides
666 709 772 760 mortua
789 705 896 777 dicitnr,
921 709 1058 776 quianon
1077 704 1220 766 hebesci-

215 800 283 863 tam,
310 807 392 859 quam
411 807 517 860 semper
543 791 644 848 habere
671 793 759 848 debet.
794 793 878 849 Porro
896 795 957 850 viva
973 794 1042 851 fides
1060 812 1093 852 aa
1111 796 1221 864 dicitnr,

214 895 285 948 quae
302 878 389 933 credit
405 879 434 932 in
452 877 494 947 id,
520 879 550 932 in
575 879 648 945 quod
667 879 742 935 credi
760 878 853 951 debet;
880 888 986 939 mortua
1004 899 1073 941 vero.
1087 882 1175 954 fides„
1188 882 1234 940 oa‘

214 983 283 1036 qnae
301 965 386 1020 credit
403 971 510 1027 tantum
528 965 571 1035 id,
589 955 662 1034 quod
679 967 753 1023 credi
772 968 860 1024 debet.

231 1143 435 1224 Quapropter
459 1146 717 1225 quantacumque
735 1143 927 1210 certitudine
950 1149 1101 1214 credatur
1126 1154 1219 1217 tanta
1249 1194 1251 1199 -

141 1267 213 1329 res,
248 1246 370 1313 inutilis
394 1247 456 1311 erit
486 1244 583 1329 fides,
616 1252 648 1312 et
677 1245 770 1330 quasi
799 1254 960 1315 mortuum
985 1251 1120 1334 aliquid,
1155 1252 1217 1320 nisi

141 1353 311 1420 dilectione
334 1351 441 1417 valeat
464 1355 496 1416 et
512 1351 608 1416 vivat
638 1352 767 1417 Etenim
790 1354 977 1420 nullatenus
999 1354 1094 1423 iidem
1116 1359 1214 1437 illam,

86 1456 93 1464 ’
141 1481 237 1544 quam
262 1463 446 1540 competens
479 1457 648 1521 comitatur
679 1457 824 1540 dilectio,
859 1460 886 1523 si
920 1477 955 1524 se
990 1463 1216 1542 opportunitas

140 1566 255 1632 offerat
289 1561 460 1643 operandi,
495 1561 629 1626 otiosam
664 1580 752 1642 esse,
787 1565 845 1629 sed
877 1565 1057 1655 mugisse
1075 1566 1214 1648 quadam

139 1687 272 1751 operum
295 1683 444 1732 exercere
467 1663 668 1747 frequentia,
703 1668 789 1750 quod
819 1669 889 1734 sine
913 1658 1216 1759 dilectloplrfacer'a

137 1791 202 1838 non
225 1774 351 1853 posset,
374 1770 424 1835 vel
448 1771 509 1836 hoc
532 1771 599 1836 solo
622 1766 753 1853 probari
769 1777 896 1853 potest;
921 1774 996 1856 quia
1018 1772 1104 1856 q'uod
1128 1792 1214 1839 sum·

137 1895 222 1941 mam
249 1875 407 1958 justitiam
444 1874 564 1956 diligit,
602 1875 677 1939 nihil
712 1876 835 1957 justum
874 1884 1094 1964 contemnere,
1133 1878 1214 1942 nihil

137 1981 225 2046 valet
254 1981 409 2062 injustum
444 1977 624 2041 admittere.
670 1978 754 2059 Ergo
788 1980 938 2061 quoniam
973 1982 1059 2063 quod
1090 1981 1213 2064 aliquid

137 2089 310 2167 operatur,
333 2083 441 2147 inesse
457 2081 646 2170 sibipitam,
671 2082 740 2146 sine
758 2100 822 2164 qua
837 2085 965 2165 operari
989 2104 1052 2150 non
1075 2086 1210 2166 valeret,

138 2189 298 2256 ostendit:
333 2205 396 2252 non
433 2185 572 2252 absurde
606 2185 734 2250 dicitur<
756 2192 788 2252 et
820 2206 955 2269 operosa
982 2189 1068 2277 tides
1091 2189 1210 2274 vivere,

137 2297 213 2377 quia
234 2294 333 2359 habet
354 2293 454 2358 vitam
465 2290 654 2369 dilectionis,
678 2290 748 2370 sine
772 2309 837 2373 qua
861 2310 925 2356 non
947 2298 1154 2373 operaretur3
1178 2297 1211 2358 et

136 2399 239 2463 otiosa
258 2397 337 2463 fides
368 2415 431 2461 non
463 2395 586 2475 vivere,
622 2395 677 2475 qui
708 2402 797 2460 caret
820 2394 887 2461 vita
910 2395 1107 2478 dilectioniS,
1139 2417 1209 2464 cum

135 2521 199 2585 qua
220 2522 285 2567 non
310 2502 474 2566 otiaretur.
516 2500 623 2578 Quare
651 2500 679 2565 si
701 2518 814 2566 caecus
838 2501 970 2580 dicitur,
995 2506 1209 2568 contactum

135 2608 189 2690 qui
220 2605 362 2692 perdidit
392 2600 515 2680 visum,
553 2605 610 2670 sed
645 2605 700 2686 qui
735 2623 806 2672 curn
839 2606 935 2698 debet
968 2606 1105 2687 habere,
1144 2625 1208 2672 nou

134 2713 251 2778 habet:
285 2730 342 2777 cur
364 2729 429 2776 non
453 2709 598 2775 similiter
620 2714 728 2790 potest
750 2709 812 2775 dici
841 2712 925 2791 sides
948 2712 1018 2776 siae
1040 2711 1209 2778 dilectione

133 2823 279 2895 mortuo,
313 2833 377 2880 non
400 2815 476 2897 quia
500 2814 597 2879 vitam
621 2831 729 2893 suam,
762 2813 885 2895 idest,
909 2815 1112 2882 dilectionem
1134 2832 1208 2897 per-

134 2920 268 2998 diderit,
290 2921 352 2994 sed
372 2920 525 3002 quianon
547 2919 653 3000 habet,
677 2936 771 3000 quem
797 2936 923 3001 semper
943 2920 1065 2986 habere
1089 2917 1207 2986 debetl

134 3025 411 3113 Quemadmodum
440 3025 539 3107 igitur
570 3025 626 3089 ille
661 3024 757 3104 tides,
796 3045 877 3106 qaue
906 3045 971 3106 per
1007 3025 1208 3090 dilectionem

132 3138 303 3212 operator,
325 3132 398 3196 viva
420 3148 491 3194 esse
514 3129 733 3210 cognoscitnr;
767 3129 813 3217 ita
842 3129 916 3210 illa,
947 3146 1029 3211 quae
1050 3147 1109 3209 per
1131 3144 1206 3193 con·

131 3240 289 3315 temptum
313 3235 450 3311 otiatur,
481 3235 608 3298 mortua
631 3251 703 3297 esse
726 3234 952 3327 convincitur.
979 3232 1065 3300 Satis
1095 3233 1206 3315 itaque

132 3337 362 3404 convenienter
385 3335 446 3401 dici
461 3340 569 3416 potest
584 3336 659 3402 viva
673 3337 753 3403 fides
777 3338 909 3404 credere
930 3339 964 3403 in
987 3339 1038 3418 id,
1061 3337 1094 3402 iu
1117 3334 1204 3418 qnod

131 3441 218 3507 credi
242 3440 355 3520 debet;
378 3446 505 3506 mortua
528 3459 604 3508 vero
628 3440 708 3508 fides
733 3443 864 3509 credere
888 3448 1014 3509 tantum
1036 3441 1087 3520 id,
1119 3437 1204 3520 quod

132 3548 219 3614 credi
244 3546 348 3621 debet.
