2684 4546
344 164 353 193 t

678 238 697 299 3

148 429 207 492 per
228 427 409 490 personam.
456 408 674 485 Quaecunque
697 407 805 467 autem
828 403 872 467 ibi
895 403 975 484 dixi,
998 408 1058 476 sub
1080 429 1220 494 persona

146 532 256 579 seeum
292 513 362 578 sola
398 511 589 599 cogitatione
621 507 817 593 disputantis
849 512 882 572 et
914 508 1137 591 investigantis
1171 531 1219 594 ea,

149 637 232 701 quae
267 618 357 697 prius
395 635 459 681 non
496 611 793 691 animadvertisset,
839 611 966 692 prolata
1002 620 1098 680 sunt:
1137 618 1221 685 sieut

149 721 391 803 sciebam‚'illos
415 720 506 799 velle,
529 736 664 801 quorum
687 715 835 801 petitioni
850 717 984 799 obsequi
1005 719 1220 787 intendebam.

70 858 73 863 ·
149 829 265 893 Precor
289 830 396 889 autem
419 829 451 887 et
473 822 605 887 obsecro
636 820 860 898 vehementer,
891 819 918 883 si
950 821 1020 902 quis
1044 823 1103 888 hoc
1125 842 1220 905 opus·

150 932 256 1005 culum
289 928 426 994 voluerit
458 926 692 1004 transcribere,
735 928 771 987 ut
804 923 888 988 hanc
920 923 1153 1004 praefationem
1186 927 1219 992 iu

150 1035 254 1116 capite
291 1031 405 1113 libelli
429 1035 505 1094 ante
543 1029 614 1110 ipsa
651 1028 791 1108 capitula
839 1028 969 1093 studeat
1010 1047 1219 1113 praeponere.

148 1139 283 1203 Multum
321 1137 404 1202 euim
437 1133 591 1215 prodesse
612 1138 690 1212 puto
728 1133 769 1197 ad
803 1131 1015 1212 intelligenda
1048 1152 1103 1217 ea,
1138 1154 1221 1221 quae

149 1240 343 1323 legerit-ibi,
373 1238 494 1321 siquis
522 1237 632 1317 prius,
665 1255 729 1317 qua
758 1233 955 1333 intentione,
992 1257 1095 1321 quove
1127 1242 1220 1310 modo

150 1347 315 1428 disputata
328 1344 415 1423 sint,
432 1341 627 1423 cognoverit.
657 1341 739 1406 Puto
764 1339 869 1420 etiam,
893 1342 978 1422 quod
1002 1344 1029 1406 si
1053 1343 1123 1423 quis
1139 1344 1222 1410 hanc

148 1450 252 1529 ipsam
274 1445 511 1540 praefatiopem
534 1445 649 1510 viderit
672 1445 779 1526 prius,
814 1462 878 1508 non
902 1449 1023 1510 temere
1054 1447 1221 1528 judicabit,

149 1555 176 1619 si
199 1554 276 1635 quid
299 1557 411 1619 contra
432 1569 524 1616 suum
548 1551 730 1632 opinionem
759 1549 921 1630 prolatum
944 1549 1112 1615 invenerit.

514 1721 653 1787 CAPUT
677 1719 855 1786 PRIMUM.

183 1843 261 1915 Quod
278 1844 314 1898 sit
330 1840 458 1910 quiddam
482 1842 612 1910 optimum
639 1848 666 1897 et
692 1840 839 1895 maximum
863 1846 891 1893 et
915 1856 1048 1894 summurn
1066 1844 1186 1897 omnium

603 1944 673 1997 quae
694 1936 767 1983 sunt.

68 2092 73 2100 A
149 2036 367 2102 Conspectus
393 2035 533 2103 capitis.
554 2065 585 2109 7-
605 2034 696 2089 Unam
720 2047 851 2088 summam
869 2039 995 2086 naturam
1013 2036 1145 2108 existere,
1169 2041 1220 2096 sibi

222 2120 416 2188 sufficientem,
443 2127 471 2174 et
496 2136 513 2174 a
536 2121 613 2188 cujus
632 2119 809 2188 omnipotenti
834 2117 958 2174 bonitate
981 2122 1071 2175 omnia
1092 2124 1149 2179 alia
1166 2127 1223 2183 siut

221 2205 354 2275 pluraque
370 2205 427 2261 ulia
444 2222 513 2274 quae
534 2205 567 2259 de
586 2208 643 2260 Deo
662 2205 813 2273 eredimus,
833 2205 971 2259 uolaratio
984 2222 1081 2275 magna
1099 2219 1223 2280 exparte

221 2295 387 2363 persuadere
403 2300 501 2361 potest.
526 2292 625 2349 Modus
644 2298 742 2360 autem·
753 2291 933 2359 investigandi
949 2306 1080 2347 summam
1099 2303 1224 2352 naturam

221 2381 441 2451 promptissimus
452 2380 496 2432 hio
509 2385 558 2434 est.
582 2379 644 2434 Non
662 2377 816 2448 appetimus
831 2378 888 2434 uiui
906 2393 976 2447 quae
999 2379 1071 2435 bona
1088 2389 1222 2454 putamur,

221 2472 249 2522 et
273 2468 392 2537 plurima
417 2467 489 2521 bona
517 2482 575 2521 esse
604 2468 710 2521 ratione
737 2465 921 2520 discemimus.
966 2465 1152 2524 Certissimnm
1180 2477 1223 2526 eut

222 2560 328 2623 autem,
355 2553 420 2621 quia
437 2569 615 2621 quaeeunque
637 2553 764 2608 dicuntur
792 2551 908 2622 aliquid,
937 2553 977 2607 ita
1000 2560 1032 2608 ut
1054 2556 1222 2612 adinvicem

221 2643 306 2709 magis
324 2642 477 2695 autminus
495 2646 543 2694 aut
561 2640 712 2709 aequaliter
729 2639 871 2706 dieantur,
898 2654 949 2707 per
966 2639 1070 2707 aliquid
1088 2641 1222 2712 dicuntur,

224 2729 295 2796 quod
313 2746 368 2784 uon
386 2729 460 2785 aliud
479 2736 506 2785 et
523 2729 614 2798 aliud,
633 2729 680 2784 sed
698 2728 770 2789 idem
786 2727 948 2796 intelligitur
965 2729 995 2783 in
1012 2729 1135 2802 diremit,
1153 2744 1223 2799 quaa

217 2811 251 2870 ¹iu
269 2831 300 2871 eo
317 2833 371 2871 uno
390 2816 562 2872 conveniunt.
599 2817 673 2885 Ergo
692 2829 803 2871 neaerae
830 2821 888 2883 est,
918 2820 949 2869 ut
973 2816 1062 2888 omnia
1080 2816 1135 2872 sint
1152 2817 1223 2873 bona

221 2916 270 2969 per
288 2903 398 2974 aliquid,
416 2903 487 2977 quod
510 2920 594 2958 unum
613 2903 686 2958 idem
704 2903 785 2957 sitin
805 2901 918 2957 diversis
935 2902 1021 2957 bonis.
1048 2903 1123 2973 Ergo
1142 2903 1223 2960 datur

223 3003 306 3067 uuum
324 2989 397 3060 quid,
415 3007 465 3058 per
482 2990 554 3058 quod
573 2996 671 3045 anneta
683 2976 850 3056 sumbone,
869 2990 942 3043 etin
960 3005 1014 3057 quo
1026 2989 1098 3043 bona
1115 2989 1223 3045 divema
1288 2986 1306 3019 ³

223 3074 394 3127 conveniunt.
429 3075 495 3140 Quis
513 3080 603 3128 autem
622 3073 728 3128 dubitet
744 3072 813 3126 illud
831 3073 932 3148 ipsum,
959 3089 1009 3141 per
1033 3075 1106 3140 quod
1124 3083 1223 3133 annau

223 3165 287 3213 sunt
304 3158 390 3229 bona,
408 3175 467 3214 esse
484 3166 612 3228 magnum
630 3159 745 3230 bonum,
772 3165 801 3214 et
819 3172 879 3214 esse
897 3159 997 3213 bonum
1013 3174 1063 3228 per
1080 3160 1222 3230 seipsum?

221 3244 295 3314 Ergo
315 3246 405 3301 omnia
422 3247 477 3301 alia
493 3246 567 3302 bona
585 3254 649 3303 sunt
664 3262 715 3317 per
732 3247 823 3322 aliud3
852 3252 880 3301 et
897 3247 988 3313 ipsum
1005 3248 1094 3303 solum
1111 3256 1156 3325 est
1171 3265 1222 3321 per

222 3331 348 3401 seipsum.
384 3333 423 3389 At
446 3334 519 3407 quod
542 3349 593 3404 per
610 3334 684 3389 aliud
710 3341 768 3407 eat,
795 3335 884 3388 minus
908 3339 950 3388 est
962 3349 1012 3403 eo,
1037 3334 1109 3402 quod
1126 3324 1176 3405 per
1192 3351 1223 3390 ae

223 3425 265 3474 eat
281 3419 389 3474 bonum.
424 3423 499 3492 Ergo
521 3422 588 3477 iilud
615 3422 687 3492 quod
710 3429 752 3478 est
778 3438 828 3492 per
852 3437 881 3477 se
905 3420 1021 3490 bouum,
1051 3429 1093 3477 est
1119 3413 1222 3478 summe

177 3533 180 3536 ⁴
223 3507 335 3575 bonum,
359 3513 387 3562 et
405 3524 538 3564 summum
556 3512 676 3565 omnium
694 3525 763 3578 quae
782 3514 862 3563 sunt:
887 3523 950 3563 nam
968 3508 1041 3575 quod
1060 3513 1101 3562 est
1119 3523 1222 3564 summe

221 3593 333 3661 bonum,
358 3600 400 3648 est
417 3611 520 3651 summe
538 3613 672 3664 magnum.
709 3597 761 3651 Est
787 3597 872 3665 igitur
895 3612 980 3650 unum
998 3595 1101 3662 aliquid
1118 3611 1221 3652 summe

222 3696 349 3750 maguum
367 3687 395 3736 et
412 3697 515 3739 summe
531 3683 645 3752 bonum,
668 3683 698 3738 id
715 3691 757 3739 est
773 3685 1044 3740 summumomuium
1061 3698 1132 3752 quae
1150 3690 1221 3739 snut.

239 3839 272 3904 Si
295 3842 366 3923 quis
380 3859 487 3917 „unam
508 3847 658 3906 naturam
688 3860 843 3907 summam
867 3842 1008 3906 omnium
1031 3848 1220 3923 quaesunt,

153 3943 254 4007 solam
278 3945 340 4009 sibi
362 3945 395 4009 in
419 3950 552 4011 aeterna
573 3946 774 4011 beatitudine
805 3963 865 4010 sua
886 3943 1098 4022 'sufficientem
1121 3946 1222 4012 omni·

967 4054 984 4115 1
994 4051 1012 4091 *
