2684 4546
654 198 775 304 ιεΙ

134 414 260 494 sentis,
290 396 367 497 quin
389 412 457 477 sine
480 409 620 506 estnihil
644 414 712 475 est:
746 410 833 476 unde
855 419 1088 497 consequetur,
1111 416 1213 482 utsii
1317 479 1321 484 .

135 520 254 603 uliquis
276 517 367 584 locus
390 521 423 581 et
446 516 577 602 aliquod
600 521 746 597 tempus,
781 515 837 580 ubi
868 520 901 580 ει
931 517 1060 599 quando
1081 519 1212 585 omnino
1313 577 1324 585 .

135 621 216 688 nihii
242 622 308 688 εει.Δ
346 620 440 701 Quod
462 621 614 706 quoniam
638 626 689 686 est
710 618 847 701 fulsum
867 621 938 704 ipse
961 628 1104 705 namque'
1122 623 1212 689 iocus

135 733 172 796 ει
195 732 325 810 tempus
354 726 459 806 ipsum
494 725 616 808 aliquid
649 730 713 804 est;
749 744 813 792 nou
843 729 953 808 potest
984 744 1056 791 εεεε
1090 745 1213 794 summu

135 838 255 917 nature
277 830 411 909 utrubi,
436 831 487 894 vei
509 831 681 913 aliquando
705 829 926 897 determinate.
971 831 1112 909 Quodsi
1137 831 1213 896 dici·

136 943 209 1019 tur,
245 935 331 1021 quod
356 934 568 1000 determinate
599 935 670 1015 ipsa
693 953 751 1015 per
773 953 808 1000 εε
831 934 947 1001 alicubi
979 941 1012 999 et
1040 934 1213 1017 aliquunde

137 1043 207 1119 εει;
226 1038 287 1105 sed
308 1058 367 1121 per
390 1040 568 1120 potentiam
592 1057 682 1103 suum
705 1045 754 1104 εει
770 1041 971 1124 ubicumque,
994 1041 1045 1106 vel
1069 1039 1212 1124 quando-

138 1160 264 1226 cunque
287 1140 410 1225 aiiquid
436 1148 500 1220 est;
534 1160 598 1206 uon
630 1147 679 1207 est
709 1162 835 1208 verum:
868 1146 1019 1227 quoniam
1049 1146 1133 1209 enim
1157 1161 1212 1223 po

139 1246 272 1310 tentiam
304 1246 373 1328 ejus
409 1246 486 1331 nihil
518 1245 605 1309 aliud
638 1263 732 1328 quam
766 1246 869 1326 ipsum
903 1266 975 1312 εεεε
1007 1248 1213 1314 manifestum

143 1356 210 1428 est3
242 1350 331 1414 nullo
354 1351 447 1415 modo
470 1350 617 1430 potentia
638 1350 708 1431 ejus
730 1350 800 1414 sine
829 1349 901 1430 ipsa
931 1356 987 1415 εει.
1032 1350 1113 1416 Cum
1137 1368 1212 1430 ergo

140 1472 203 1518 non
236 1455 280 1533 sit
310 1455 426 1520 alicubi
449 1455 500 1519 vel
533 1455 705 1538 aliquando
729 1454 962 1534 determinate,
994 1471 1126 1519 necesse
1156 1461 1214 1534 est,

140 1563 176 1623 ut
200 1559 243 1623 sit
266 1560 387 1642 ubique
410 1565 443 1634 et
464 1578 610 1641 semper,
632 1561 665 1625 id
682 1566 749 1639 est,
773 1560 805 1623 iu
822 1560 907 1626 omni
924 1561 994 1626 loco
1010 1562 1043 1625 et
1058 1562 1214 1639 tempore.

561 1768 701 1835 curun
724 1769 812 1862 uxr.
916 1722 920 1731 ¹

395 1908 473 1977 Quod
490 1908 520 1963 in
539 1907 615 1963 nullo
633 1908 668 1962 sit
686 1907 745 1961 ioco
764 1911 811 1961 aut
829 1913 957 1976 tempore.

141 2013 362 2081 conspectus
392 2013 531 2082 cupitis.
560 2044 592 2054 -
618 2014 644 2068 A
671 2027 774 2067 summa
800 2017 899 2065 notura
925 2008 1003 2064 valde
1028 2009 1146 2066 alienum
1169 2016 1214 2067 εει

212 2099 312 2155 habere
330 2102 549 2170 compositionem
567 2103 685 2179 partium
712 2101 755 2154 vel
784 2099 950 2153 divisionem.
986 2098 1060 2166 Ergo
1080 2100 1140 2167 ipsu
1157 2114 1212 2154 non

159 2219 166 2227 ·
212 2188 252 2242 itu
270 2194 311 2243 εει
329 2193 387 2243 totu
404 2190 433 2243 in
450 2189 574 2244 omnibus
599 2188 667 2242 iocis
691 2193 718 2242 ει
742 2186 923 2254 temporibus,
952 2191 982 2238 ut
1000 2200 1050 2252 per
1068 2191 1159 2253 partes
1177 2186 1215 2240 sit

182 2275 240 2333 ,in
257 2275 379 2344 siugulis.
415 2274 515 2329 Utrum
533 2274 570 2329 sit
587 2280 645 2328 tota
669 2271 751 2327 simul
773 2272 800 2324 in
827 2270 941 2338 singulis
958 2270 1024 2324 iocis
1042 2277 1070 2324 et
1087 2272 1213 2339 tempori·

211 2360 263 2419 bus
281 2364 321 2418 sic
338 2363 501 2430 inquiritur:
529 2362 552 2415 si
577 2366 634 2415 totu
643 2366 692 2415 εει
710 2357 789 2413 simul
806 2359 835 2412 in
854 2356 967 2425 singuiis
984 2354 1064 2424 locis,
1092 2371 1141 2424 per
1160 2357 1213 2411 sin·

211 2448 275 2518 puls
303 2450 361 2503 loca
389 2454 452 2502 sunt
481 2448 589 2516 singula
613 2448 676 2503 tota.
713 2447 782 2501 Num
808 2445 880 2513 quod
904 2448 990 2499 totum
1014 2451 1056 2500 est
1076 2445 1105 2498 in
1122 2445 1214 2514 aliquo

211 2534 284 2604 loco,
310 2535 378 2589 nihii
397 2539 440 2588 εει
463 2535 520 2605 ejus
547 2541 625 2588 extra
651 2535 734 2588 istum
760 2531 864 2600 locum3
893 2531 941 2586 sed
960 2522 1065 2599 dequo
1084 2532 1153 2587 nihil
1172 2538 1214 2587 εει

215 2628 293 2677 extro
319 2623 401 2677 istum
426 2622 527 2690 locum,
555 2620 624 2674 nihil
650 2620 709 2688 ejus
737 2623 779 2672 est
806 2615 886 2670 simul
911 2617 941 2671 in
959 2617 1011 2671 ulio
1036 2618 1102 2673 loco.
1138 2621 1213 2687 Ergo

212 2724 297 2763 unum
323 2714 410 2763 toturn
435 2725 491 2763 non
516 2712 606 2776 potest
633 2721 691 2761 esse
715 2703 798 2759 simul
824 2704 853 2757 in
882 2703 993 2758 diversis
1024 2702 1091 2758 locis
1117 2710 1213 2761 totum.

211 2797 286 2865 Ergo
304 2813 354 2866 per
372 2798 480 2865 singula
497 2797 570 2865 locu,
594 2794 704 2863 singula
725 2796 791 2847 sunt
808 2796 872 2845 totu
909 2790 984 2859 Ergo
1001 2791 1025 2845 si
1045 2807 1149 2847 summu
1166 2808 1212 2848 na-

211 2889 275 2937 turu
292 2890 333 2938 est
351 2890 409 2939 tots
433 2886 513 2939 simul
539 2885 568 2937 in
596 2878 710 2951 sing'ulis
737 2880 819 2948 locis,
848 2885 914 2946 quot
938 2879 1045 2948 singula
1069 2882 1128 2937 loco
1154 2897 1214 2938 εεεε

210 2976 337 3037 possunt,
357 2977 398 3024 tot
415 2973 536 3040 singulae
553 2974 617 3024 sunt
634 2977 749 3043 naturae
768 2981 894 3036 summae.
930 2967 1005 3033 Ergo
1024 2968 1154 3036 ipsamon
1172 2976 1214 3023 εει

213 3059 272 3107 ιοιε
298 3054 378 3108 simul
405 3056 434 3109 in
463 3056 587 3110 omnibus
614 3054 689 3109 locis.
724 3051 768 3106 Sic
791 3066 841 3104 nec
865 3051 925 3117 ipsa
948 3056 990 3105 εει
1014 3058 1071 3106 tota
1088 3053 1168 3106 simul
1184 3053 1214 3108 in

104 3166 109 3193 t
212 3138 336 3194 omnibus
354 3141 538 3209 temporibus3
566 3155 628 3195 cum
653 3139 714 3208 ipsa
731 3144 854 3205 tempora
880 3151 934 3192 nou
962 3136 1043 3191 simul
1066 3138 1138 3193 sint:
1164 3153 1215 3195 nec

213 3233 331 3282 esstote
355 3226 436 3280 simul
461 3226 587 3282 distincte
612 3227 640 3281 in
667 3223 783 3294 singulis
808 3225 989 3294 temporibus;
1016 3224 1137 3294 alioquin
1155 3227 1214 3295 ejtts

211 3313 373 3383 aeternitas,
399 3330 469 3384 quae
487 3322 529 3370 est
547 3316 607 3384 ipsu
625 3316 685 3386 ejus
704 3314 837 3382 essentia,
865 3311 979 3367 haberet
1004 3323 1111 3383 partes,
1136 3329 1213 3382 prae·
1317 3340 1319 3345 ·

212 3414 284 3468 sens,
304 3403 480 3471 praeteritum
498 3419 529 3458 uc
548 3403 679 3458 futurum.
716 3402 790 3470 Ergo
815 3400 890 3455 nullo
917 3401 996 3455 modo
1023 3408 1065 3455 εει
1085 3402 1114 3456 in
1141 3401 1214 3457 omni

211 3484 269 3541 loco
288 3489 331 3542 vel
348 3495 479 3559 tempore.
514 3489 567 3546 Sed
593 3490 722 3559 quoniam
749 3487 853 3563 reliquid
882 3487 940 3543 sine
969 3502 1001 3542 eu
1027 3502 1214 3556 necunquam

208 3589 263 3651 uec
281 3590 400 3643 unquam
420 3581 472 3646 εει,
491 3593 600 3633 neccsse
618 3582 660 3632 est
677 3575 752 3631 illum
770 3590 830 3631 esse
847 3574 947 3643 ubique
965 3581 993 3631 ει
1009 3590 1125 3644 semper.

230 3750 323 3829 Quod
345 3751 372 3816 si
395 3752 443 3816 ito
465 3756 530 3831 est,
564 3756 621 3816 aut
643 3755 713 3823 totu
734 3756 785 3816 est
805 3752 838 3817 in
863 3753 948 3817 omni
969 3752 1038 3819 loco
1061 3753 1112 3817 vel
1133 3756 1213 3839 tcm-

141 3871 239 3934 poro,
261 3861 468 3920 auctentum
491 3854 653 3939 quaelibet
673 3872 750 3937 pars
773 3857 858 3939 ejus,
889 3851 928 3920 ut*
948 3856 1051 3921 altera
1071 3874 1149 3938 pars
1171 3857 1213 3927 tit

143 3963 235 4022 extra
257 3976 381 4026 omnem
405 3961 509 4028 iocum
531 3966 563 4025 ει
585 3965 721 4042 tempus.
768 3960 802 4025 Si
832 3979 909 4028 uero
940 3961 1057 4042 partim
1075 3968 1157 4042 εει,
1180 3969 1214 4031 ει

959 4066 1004 4130 3*
1290 4058 1292 4069 '
