2684 4546
644 280 703 345 13⁷

141 451 274 536 cogitari
295 470 361 519 non
381 448 499 534 possit,
521 467 562 517 ex
583 466 621 516 eo
642 448 717 533 quic
740 453 790 516 ost
811 448 846 516 in
867 447 1048 530 intellectu,
1072 466 1143 518 essa
1164 453 1200 519 at

139 559 173 624 in
196 575 251 639 re,
283 574 379 641 quarn
405 554 562 638 perditam
584 553 721 621 insulam
743 554 920 623 certissimo
941 556 1078 623 existere
1099 575 1139 623 ex
1161 575 1203 623 eo-

96 666 98 671 '
141 663 310 747 quiscum
334 659 524 734 describitur
553 657 675 741 verbis,
710 658 844 726 audiens
873 677 943 726 eam
971 678 1035 727 non
1067 658 1199 741 ambigit

140 768 175 835 in
196 765 361 833 intellectu
383 783 441 832 suo
470 782 550 832 csse.
594 765 662 846 Ego
689 783 769 844 ¹vcro
804 764 894 832 dico:
927 765 969 847 si,
1003 784 1065 848 quo
1094 766 1200 852 majus

142 870 274 952 cogitari
295 888 359 938 non
382 874 507 952 potest,
537 867 831 950 nonintelligitur,
861 869 912 937 vel
936 869 1110 952 cogitetur,
1140 888 1200 940 nec

142 975 246 1042 estin
267 975 434 1041 intellectu
462 973 514 1039 vel
544 971 751 1057 cogitatione3
782 970 924 1055 profecto
946 972 1033 1041 Deus
1057 978 1114 1041 aut
1135 993 1201 1041 non

142 1086 191 1147 est
214 1100 276 1164 quo
299 1081 403 1164 majus
437 1077 568 1160 cogitari
600 1096 664 1144 non
695 1078 813 1160 possit,
847 1082 904 1144 aut
926 1096 991 1145 non
1012 1078 1201 1160 intelligitur

141 1183 193 1253 vel
215 1185 388 1268 cogitatur,
422 1187 454 1250 ct
484 1201 549 1248 non
580 1185 629 1247 est
657 1180 691 1246 in
719 1181 885 1249 intellectu
917 1183 968 1250 vel
1001 1183 1200 1266 cogitatione.

142 1290 234 1371 Quod
249 1306 352 1375 ‘qnam
375 1287 492 1355 falsum
521 1286 580 1369 sit,
612 1283 675 1352 fide
698 1292 731 1352 et
753 1286 948 1354 conscientia
976 1293 1033 1354 tua
1060 1309 1118 1372 pro
1147 1287 1201 1356 fir·

141 1396 281 1463 missino
304 1404 378 1464 ntor
400 1397 597 1477 argumento.
646 1391 732 1474 Ergo
755 1411 818 1476 quo
842 1393 944 1476 majus
974 1394 1106 1474 cogitari
1137 1412 1202 1460 non

141 1506 264 1587 potest,
287 1519 363 1567 vere
384 1499 576 1586 intelligitur
598 1503 631 1566 et
653 1497 825 1582 cogitatur,
856 1504 889 1565 et
911 1500 1014 1567 estin
1036 1499 1201 1567 intellecto

141 1610 174 1672 et
196 1607 397 1689 cogitatione.
442 1605 566 1685 Quare,
591 1608 648 1670 aut
669 1621 746 1670 vera
768 1623 832 1671 non
855 1610 932 1671 sunt
953 1604 1068 1689 quibus
1090 1608 1202 1672 eontra

143 1711 269 1776 conaris
300 1711 454 1793 probare,
489 1714 545 1775 aut
567 1727 607 1773 cx
629 1707 685 1774 eis·
705 1727 769 1775 non
798 1709 1023 1793 consequitur,
1052 1709 1137 1793 quod
1168 1713 1202 1776 te

142 1821 375 1899 consequenter
398 1814 537 1897 opinaris
553 1812 753 1882 concludere.
784 1814 876 1895 Quod
899 1820 1006 1882 autem
1027 1820 1139 1897 putas,
1162 1831 1202 1881 ex
1263 1853 1265 1858 =

19 1970 23 1979 .
143 1937 199 2002 co,
229 1920 304 2003 quis
326 1919 515 2000 intelligitur
544 1919 664 2003 aliquid
695 1937 757 2002 quo
788 1921 893 2003 majus
921 1921 1055 2001 cogitari
1081 1919 1201 2004 nequit,

143 2044 207 2091 non
231 2027 383 2110 consequi
406 2025 486 2093 illud
510 2043 581 2092 esse
595 2025 629 2091 in
643 2025 827 2109 intellectu3
851 2042 910 2093 nec
933 2025 960 2091 si
983 2018 1086 2093 estin
1109 2025 1202 2093 intel·

141 2132 241 2212 lectu,
274 2129 346 2198 ideo
370 2149 442 2199 esse
467 2131 501 2198 in
529 2149 587 2197 re:
621 2134 707 2197 certe
740 2150 797 2214 ego
829 2130 916 2198 dico:
949 2133 978 2197 si
1000 2133 1051 2198 vel
1072 2130 1202 2214 cogitari

141 2240 361 2319 potestesse,
385 2253 516 2303 necesse
539 2241 589 2302 est
610 2234 690 2301 illud
713 2252 792 2302 esse.
836 2235 918 2302 Nam
940 2254 1002 2319 quo
1025 2237 1128 2320 rnaJus
1150 2253 1201 2302 co·

140 2340 234 2423 gitari
255 2341 384 2424 nequit,
416 2358 482 2407 non
511 2345 619 2423 potest
642 2339 773 2428 cogitari
796 2357 881 2423 esse,
911 2340 974 2407 nisi
1002 2341 1072 2431 sine
1099 2340 1201 2408 initio.

141 2443 297 2528 Quicquid
321 2449 428 2512 autem
458 2449 566 2527 potest
596 2443 728 2527 cogitari
762 2461 850 2526 esse,
882 2450 916 2512 et
948 2463 1013 2513 non
1043 2452 1110 2530 est,
1142 2465 1201 2530 per

140 2548 264 2614 initium
291 2555 399 2631 potest
429 2551 561 2632 cogitari
591 2567 671 2616 esse.
714 2551 787 2617 Non
810 2568 886 2633 ergo
909 2569 971 2634 quo
994 2554 1096 2638 msJus
1119 2553 1201 2636 cogi·

141 2653 202 2720 tari
232 2655 361 2738 nequit,
396 2655 528 2738 cogitari
549 2659 657 2738 potest
678 2671 765 2735 esse,
798 2662 831 2721 et
860 2675 925 2722 non
956 2662 1015 2723 est.
1059 2657 1094 2724 Si
1125 2675 1201 2740 ergo

139 2762 247 2841 potest
269 2760 402 2842 cogitari
425 2779 515 2843 esse,
538 2780 578 2829 ex
598 2759 791 2827 necessitate
814 2765 871 2828 est.
898 2761 1052 2844 Amplius.
1083 2763 1118 2830 Si
1140 2763 1201 2829 uti-

139 2880 203 2945 que
224 2863 274 2929 vol
298 2865 431 2946 cogitari
453 2869 577 2949 potest,
608 2881 741 2931 necesse
770 2870 821 2932 est
849 2865 930 2932 illud
962 2885 1042 2934 esse.
1085 2867 1201 2937 Nullus

140 2967 224 3032 enirn
247 2987 370 3050 negans
394 2977 451 3037 aut
473 2970 623 3037 dubitans
647 2987 718 3036 esse
740 2971 876 3055 aliquid,
907 2990 969 3057 quo
992 2973 1094 3056 majus
1118 2973 1201 3054 cogi·
1254 2998 1276 3020 .

141 3071 203 3138 tari
225 3091 290 3139 non
311 3075 428 3157 possit,
451 3080 548 3158 negat
569 3076 621 3143 vel
637 3075 771 3158 dubitat,
798 3077 917 3161 quiesi
940 3084 1025 3144 esset
1048 3095 1107 3143 nec
1128 3082 1202 3145 actu

141 3195 201 3243 nec
222 3177 388 3247 intellectu
410 3184 520 3263 posset
542 3199 606 3246 non
630 3197 711 3249 esse.
741 3182 846 3248 Aliter
868 3200 1007 3266 namque
1030 3201 1095 3249 non
1117 3187 1222 3249 esset·

141 3301 203 3368 quo
232 3286 341 3370 ‘majus
375 3286 507 3367 cogitari
540 3305 603 3352 non
637 3290 760 3368 posset3
796 3288 853 3355 sed
887 3288 1039 3372 quicquid
1069 3288 1202 3370 cogitari

140 3393 264 3471 potest,
298 3395 331 3457 ot
351 3410 416 3458 non
439 3397 503 3472 est3
536 3392 686 3473 sissent,
716 3399 827 3476 posset
856 3395 908 3461 vel
937 3401 1011 3462 actu
1034 3395 1085 3463 vel
1107 3395 1201 3461 intel-

140 3493 227 3559 lectu
250 3511 315 3560 non
338 3513 417 3563 esse.
461 3498 568 3578 Quare
590 3499 618 3565 si
640 3500 692 3565 vel
707 3499 840 3582 cogitari
861 3505 986 3582 potest,
1010 3518 1073 3565 non
1094 3502 1202 3581 potest

140 3616 206 3664 non
228 3615 299 3665 esse
321 3618 383 3682 quo
413 3603 517 3685 majus
547 3602 679 3684 cogitari
706 3605 826 3686 nequit.
871 3605 936 3673 Sed
958 3621 1113 3688 ponamus
1136 3622 1202 3670 non

141 3721 229 3785 asse,
264 3703 292 3769 si
321 3703 371 3770 vel
402 3705 533 3788 cogitari
556 3707 661 3773 valet:
695 3712 730 3773 at
758 3709 910 3793 quicquid
932 3708 1064 3792 cogitari
1084 3712 1200 3790 potest,

141 3816 174 3875 et
194 3826 258 3875 non
281 3812 347 3889 est3
382 3809 409 3875 si
437 3812 539 3890 esset,
572 3828 635 3876 non
664 3816 750 3877 asset
771 3831 834 3896 quo
855 3815 960 3898 majus
982 3811 1113 3894 rogeri
1136 3831 1200 3880 non

140 3913 250 3995 possit
287 3913 321 3980 Si
344 3933 420 3996 ergo
443 3919 529 3983 esset
551 3932 613 3997 quo
635 3916 740 4000 majus
763 3917 895 3999 cogitari
918 3936 981 3984 non
1002 3918 1113 4000 possit,
1136 3937 1201 3985 non

143 4022 229 4085 essct
249 4035 312 4103 quo
335 4021 439 4104 maius
462 4020 594 4104 cogitari
618 4040 682 4090 non
705 4023 826 4132 possit:
850 4024 936 4108 quod
956 4023 1051 4091 nimis
1072 4031 1122 4094 est
1144 4027 1200 4097 ab·
