2684 4546
643 212 724 320 na'

129 451 194 498 non
223 431 312 497 aliud
337 427 529 511 intelligitur
559 418 654 511 quain
682 445 743 509 per
770 425 938 511 justitiam.
984 425 1199 508 Quapropter,

129 537 156 602 si
181 539 355 621 quaeratur
378 534 455 618 quid
478 534 520 599 sit
534 533 607 615 ipsa
622 550 747 599 summa
769 537 904 612 natura,
929 533 969 598 de
992 550 1058 616 qua
1080 532 1200 612 agitur,

129 642 205 726 quid
227 641 335 705 verius
358 638 573 722 respondetur
598 656 692 723 quam
711 637 867 721 justitia?
898 635 1080 702 Videndum
1101 636 1201 718 igitur

129 745 287 831 quomodo
309 742 555 823 intelligendum
578 743 629 823 sit,
653 742 783 826 quando
806 741 864 808 illa
887 745 1020 822 natura,
1043 758 1127 824 quae
1150 743 1202 806 est

128 851 200 932 ipsa
231 849 328 933 J'ustit
315 834 376 929 t,ia
415 848 532 914 dicitur
561 849 660 932 justa
705 847 862 926 Quoniam
895 846 979 912 enim
1009 844 1105 910 homo
1135 863 1199 911 non

128 959 236 1037 potest
258 970 330 1018 esse
349 953 405 1036 J'us
407 951 490 1032 titia,
519 951 677 1034 justitiam
710 955 817 1017 autem
838 950 958 1017 habere
981 953 1104 1033 potest3
1135 968 1201 1017 non

125 1057 321 1139 intelligitur
354 1057 469 1141 justus
496 1055 590 1122 homo
625 1056 766 1122 existens
797 1057 851 1138 J'us
853 1056 943 1136 titia,
985 1046 1057 1122 sed
1074 1055 1200 1120 habens

125 1162 294 1251 juititiam.
339 1161 496 1242 Quoniam
517 1161 618 1242 igitur
641 1163 681 1227 de
703 1178 827 1226 summa
843 1166 961 1226 natura
983 1177 1048 1226 non
1070 1160 1201 1243 proprie

129 1267 263 1348 dicitur,
297 1266 372 1350 quia
394 1267 493 1333 habet
519 1267 696 1349 J'ustitiam,
729 1266 786 1331 sed
811 1266 921 1332 existit
946 1265 1094 1349 justitia:
1129 1284 1200 1332 cum

129 1371 245 1437 dicitur
262 1372 367 1454 justa,
401 1371 536 1454 proprie·
562 1371 763 1471 intelligitur
782 1370 923 1436 existens
956 1371 1103 1454 justitia,
1135 1387 1201 1436 non

129 1480 237 1541 autem
259 1474 383 1541 habens
402 1476 570 1558 justitiam:
616 1476 725 1554 Quare
748 1475 792 1558 si,
823 1494 895 1542 cum
919 1474 1036 1543 dicitur
1058 1458 1202 1541 existens

124 1579 268 1665 justitia,
292 1598 356 1645 non
373 1579 489 1645 dicitur
511 1579 614 1663 qualis
637 1584 697 1660 est,
719 1579 777 1646 sed
800 1580 878 1664 quid
900 1586 968 1660 est;
992 1580 1201 1664 consequitur
1249 1641 1252 1645 .

128 1689 181 1764 ut,
215 1702 286 1749 oum
311 1683 427 1750 dicitur
444 1685 551 1768 J’usta,
586 1703 650 1750 non
676 1685 801 1752 dicatur
824 1685 927 1769 qualis
950 1685 1008 1768 sit,
1042 1684 1200 1768 seuquid

128 1789 179 1855 sit.
201 1787 366 1887 '‘Deinde,
389 1790 541 1873 quoniam
566 1790 606 1855 de
627 1789 685 1855 illa
700 1794 853 1872 suprema
876 1789 1020 1855 essentia
1041 1776 1126 1854 idem
1150 1794 1201 1854 est

130 1893 255 1973 dicere,
289 1892 366 1977 quia
387 1898 437 1959 est
454 1895 561 1976 Justa,
584 1898 617 1960 et
640 1895 716 1978 quia
739 1899 789 1960 est
812 1894 954 1961 existens
985 1894 1131 1977 justitia:
1166 1897 1200 1959 et

128 2012 200 2064 eum
224 1996 354 2077 dicitur,
388 2002 438 2063 est
472 1998 613 2065 existens
641 2000 785 2083 justitia,
821 2018 886 2065 uon
919 2004 969 2067 est
991 1998 1078 2065 aliud
1104 2016 1200 2082 quam

129 2106 179 2167 est
197 2088 344 2184 justitia:
369 2101 446 2168 nihil
470 2094 577 2169 (fibert
597 2103 631 2169 in
647 2103 722 2186 illa,
745 2105 812 2170 sive
828 2104 968 2184 dicatur,
993 2107 1043 2169 est
1061 2102 1200 2186 justitia,

128 2206 195 2273 sive
219 2210 268 2271 est
286 2206 386 2290 J'usta.
432 2208 635 2290 Quapropter
669 2227 740 2275 oum
774 2198 949 2292 quaeritur¹
969 2208 1009 2273 de
1038 2207 1094 2273 illa
1108 2285 1109 2288 Ἴ
1123 2206 1201 2290 quid
1243 2204 1246 2209 ’

129 2315 195 2391 est,
218 2329 283 2376 uon
299 2312 405 2376 minus
422 2330 564 2393 congrue
587 2314 801 2395 respondetur
820 2314 926 2397 justa,
951 2331 1045 2399 quam
1057 2312 1200 2395 justitia:

129 2415 215 2498 quod
236 2432 313 2480 vero
341 2414 376 2479 in
406 2416 550 2497 exemplo
576 2417 723 2500 justitiae
753 2421 859 2495 ratum
891 2434 963 2483 esse
993 2416 1198 2497 conspicitur,

127 2518 188 2586 hoc
211 2518 251 2584 de
273 2518 439 2601 omuibus,
475 2538 559 2605 quae
595 2519 742 2588 similiter
771 2523 811 2588 de
842 2523 914 2605 ipsa
936 2538 1061 2588 summa
1082 2526 1202 2588 natura

129 2625 294 2707 dicuntur,
326 2614 519 2693 intellectus
539 2627 659 2692 sentire
690 2645 750 2710 per
782 2626 938 2693 rationem
962 2625 1200 2709 constringitur.

128 2729 287 2814 Quicquid
309 2729 408 2810 igitur
438 2749 548 2797 eorum
571 2731 611 2796 de
632 2731 691 2796 illa
713 2733 857 2811 dicatur,
892 2749 957 2796 non
990 2729 1114 2814 qualis,
1148 2729 1200 2795 vel

128 2839 270 2918 quauta,
293 2834 360 2923 sed·
382 2835 485 2916 magis
508 2836 585 2920 quid
608 2836 651 2901 sit
671 2839 877 2902 monstratur.
925 2834 990 2902 Sed
1011 2834 1118 2916 palam
1141 2838 1200 2912 est,

128 2939 204 3023 quia
234 2937 399 3022 quodlibet
428 2941 548 3007 bonurn
578 2958 704 3007 summa
730 2945 849 3008 natura
878 2940 938 3021 sit,
968 2957 1091 3005 summe
1119 2938 1203 3015 illud

128 3047 188 3110 cst
218 3043 280 3110 Illa
301 3044 401 3125 igitur
423 3049 473 3112 e'st
500 3065 624 3112 summa
639 3046 795 3127 essentia,
818 3039 944 3111 summa
965 3044 1049 3123 vita,
1073 3060 1199 3109 summa
1279 3102 1282 3109 .

127 3148 227 3228 ratio,
259 3165 383 3214 summa
413 3151 517 3230 salus,
552 3167 676 3216 summa
704 3151 850 3235 J'ustitia,
885 3165 1010 3214 summa
1031 3146 1200 3225 sapientia,

128 3271 251 3319 summa
266 3255 401 3333 veritas,
418 3272 543 3319 summa
558 3254 696 3334 bonitas,
713 3256 839 3319 summa
854 3249 1058 3331 magnitudo,
1075 3265 1200 3312 summa

126 3356 344 3440 pulchritudo,
367 3375 492 3423 summa
505 3357 747 3435 immortalitas,
764 3370 888 3420 summa
902 3351 1199 3433 incorruptibilitas,

128 3480 252 3528 summa
275 3461 534 3541 immutabilitas,
558 3479 683 3526 summa
704 3458 891 3537 beatitudo,
914 3474 1038 3522 summa
1061 3457 1201 3521 aeterni·

128 3572 194 3648 tas,
217 3585 344 3632 summa
364 3570 527 3648 potestas,
550 3584 675 3632 summa
691 3564 820 3643 unitas;
844 3563 929 3648 quod
950 3580 1017 3629 uon
1041 3567 1092 3628 est
1111 3554 1200 3627 'alud

128 3691 224 3758 quam
248 3691 370 3740 summe
393 3690 471 3752 ens,
493 3689 616 3738 summe
639 3671 767 3750 vivent,
792 3674 825 3736 et
838 3670 912 3736 -alia
935 3669 1090 3735 similiter.
