2684 4546
651 214 692 280 ts

538 551 676 621 ΟΑΡΠΤ
701 553 803 622 XXII.

269 691 408 762 Quomodo
426 693 463 749 sit
479 693 508 748 in
527 691 610 782 omni,
630 690 704 747 etin
722 691 797 749 nullo
814 692 873 753 looo
892 701 920 750 ει
937 700 1067 767 tempora

132 816 357 884 conspectus
386 814 529 884 capitis.
557 820 591 854 -ῑ
621 813 696 868 Ηεεε
720 819 775 868 tam
799 815 937 872 contraria
953 817 1103 874 secundum
1120 802 1209 891 prolo—

207 903 323 972 tionem,
351 907 379 958 ct
401 901 556 957 neccssaria
584 899 731 955 secundum
758 901 959 974 probationem,
989 905 1063 961 inter
1089 921 1118 963 so
1147 922 1210 964 oon·

206 990 336 1065 veniunt:
354 988 489 1057 siquidem
507 1003 592 1040 unum
610 992 697 1042 totum
711 1003 764 1042 non
777 1005 856 1058 posse
874 991 954 1047 simul
973 1007 1032 1053 esso
1048 994 1077 1049 in
1096 993 1211 1053 diversio

92 1074 99 1080 '
206 1075 330 1133 locisve]
349 1074 530 1145 temporibus,
556 1090 650 1128 verum
674 1080 716 1130 est
734 1073 877 1147 dumtaxat
900 1077 934 1133 de
952 1078 986 1135 iis
1003 1093 1073 1150 quaa
1090 1081 1130 1136 sic
1147 1087 1211 1139 sunt

210 1164 240 1220 in
258 1165 317 1219 loco
336 1168 364 1218 ει
381 1169 517 1232 tempore,
543 1166 575 1215 ut
591 1159 644 1216 loci
662 1162 779 1230 spatium
797 1163 840 1218 rel
858 1167 987 1234 temporis
1005 1166 1211 1227 diuturnitatem

207 1265 262 1307 non
281 1250 421 1307 excedant.
457 1248 534 1305 Illius
552 1249 624 1304 enim
643 1247 784 1304 dumtaxat
804 1251 843 1306 rei
862 1258 903 1308 cst
920 1252 1011 1324 locus,
1028 1257 1107 1326 cujus
1125 1272 1210 1326 quau·

209 1340 316 1395 titatem
335 1337 413 1392 locus
432 1337 628 1392 circumscribit
645 1351 677 1391 ac
701 1338 837 1394 continet:
864 1344 892 1393 ct
915 1339 988 1394 illius
1007 1339 1095 1396 solum
1112 1343 1152 1398 rei
1169 1350 1212 1400 cst

207 1425 317 1498 aliquod
343 1430 464 1494 tempus,
491 1424 570 1494 cujus
600 1424 808 1480 diuturnitatem
833 1427 969 1482 metiendo
994 1429 1128 1483 terminat
1173 1431 1212 1486 Δι

185 1502 310 1571 'summa
327 1517 425 1567 natura
442 1508 526 1579 nullis
546 1511 670 1566 terminis
689 1512 838 1582 clauditur;
858 1512 906 1568 scd
919 1514 979 1584 ejus
991 1514 1123 1584 potentia,
1142 1531 1212 1584 quta

208 1607 250 1656 εει
266 1599 352 1669 ipsius
372 1598 505 1666 essentia,
533 1598 623 1652 omnia
644 1600 693 1653 sub
712 1615 742 1655 ss
760 1601 902 1656 concludit.
938 1601 1014 1672 Ergo
1031 1601 1119 1671 ipsam
1137 1602 1212 1660 nulla
1292 1662 1299 1669 ,

207 1687 260 1744 1οεὶ
277 1686 319 1742 vel
338 1685 467 1755 temporis
485 1684 615 1740 cohibitio
638 1685 767 1756 includit,
794 1693 822 1742 ει
849 1704 912 1743 cum
935 1689 1038 1745 nullam
1056 1686 1150 1745 localis
1167 1690 1211 1747 vel

207 1772 364 1843 temporalis
383 1772 557 1829 distensionis
581 1773 796 1841 magnitudinem
823 1774 866 1830 vel
891 1776 1055 1845 parvitatem
1072 1777 1144 1832 sicut
1161 1793 1211 1834 nec

209 1863 484 1934 partemsuscipiot3
511 1863 586 1918 nullo
603 1863 661 1919 loco
679 1870 727 1919 aut
752 1855 874 1934 temporo
900 1864 1137 1920 circumscribitur.
1173 1865 1212 1921 Αι

209 1955 299 2004 umen
318 1950 464 2005 necessitas
483 1951 569 2018 exigit
586 1966 718 2007 summam
737 1953 884 2008 essentiam
902 1957 987 2007 totam
1004 1949 1073 2006 nulli
1091 1951 1150 2008 loco
1167 1950 1210 2009 val

208 2037 323 2107 tempori
343 2037 451 2093 deesse:
478 2043 506 2092 ει
535 2038 610 2094 nulla
636 2038 681 2094 lex
709 2039 763 2097 loci
786 2045 835 2094 aut
857 2040 987 2109 temporis
1004 2037 1133 2108 prohibet
1146 2054 1211 2104 sam

206 2121 283 2179 'omni
301 2123 360 2179 loco
380 2129 408 2178 ει
424 2125 538 2195 tempori
557 2125 637 2180 simul
654 2132 738 2181 totam
756 2119 858 2183 adesse
883 2127 947 2197 Ipsa
958 2127 1044 2196 igitur
1060 2125 1211 2203 totasimul

208 2212 332 2269 omnibus
360 2218 389 2267 et
416 2213 529 2282 singulis
555 2213 623 2268 locis
649 2218 678 2268 et
702 2213 872 2282 temporibus
896 2227 1028 2283 praesens
1053 2217 1103 2267 est
1146 2211 1212 2268 Idco
1310 2212 1313 2218 ’

209 2300 281 2354 enim
298 2301 327 2354 in
343 2298 403 2354 loco
429 2301 473 2354 vel
499 2305 621 2369 tomporc
647 2314 706 2356 esso
733 2293 845 2369 dicitur,
871 2316 926 2355 non
953 2299 1018 2368 quis
1042 2297 1212 2367 continetur;

151 2411 152 2414 ¹
203 2386 257 2442 sod
275 2387 340 2456 quia
364 2401 494 2456 praesens
522 2393 572 2443 est.
608 2387 708 2457 Aptius
726 2394 818 2442 tomen
836 2387 903 2442 baec
920 2386 1057 2443 diceretur
1073 2400 1133 2441 esso
1150 2400 1212 2441 cum

210 2474 268 2531 loco
286 2480 314 2529 et
331 2480 466 2544 tempore,
493 2490 575 2543 quam
599 2476 628 2530 in
652 2475 713 2530 loco
731 2482 759 2530 et
777 2480 919 2545 temporc;
945 2475 1011 2545 quis
1028 2489 1089 2531 essa
1104 2474 1135 2530 iu
1153 2475 1212 2530 loco

210 2562 254 2620 rel
271 2569 407 2632 tempore,
424 2563 534 2632 proprio
550 2560 714 2630 intelligitur
726 2560 866 2619 contineri.
901 2562 998 2632 Itaquo
1015 2562 1045 2617 in
1062 2562 1135 2617 omni
1152 2560 1213 2618 loco

210 2657 237 2707 ει
255 2659 376 2720 tempore
400 2664 504 2704 summa
529 2656 628 2704 natura
653 2655 709 2719 est,
735 2648 802 2718 quis
828 2647 897 2703 nulli
922 2649 1017 2717 abest;
1045 2649 1118 2704 etin
1137 2647 1213 2704 nullo

209 2740 270 2796 loco
281 2739 324 2793 vel
337 2745 459 2807 tempora
472 2744 529 2807 est,
546 2737 611 2806 quio
621 2735 697 2792 nullo
709 2735 859 2805 clauditur,
880 2750 931 2791 nec
947 2734 999 2791 loci
1017 2739 1066 2790 aut
1082 2734 1213 2805 temporis
1247 2769 1252 2777 ·

209 2824 315 2894 legibus
334 2823 487 2895 subjicitur.

229 2995 393 3075 Quomodo
417 3015 501 3077 ergo.
516 2999 709 3065 convenient
721 2998 800 3064 haec
823 3003 888 3062 tam
913 2999 1078 3064 contraria
1100 3016 1214 3065 secun·

50 3168 56 3179 ,
140 3103 218 3169 dum
240 3101 470 3184 prolationem,
500 3107 533 3166 et
562 3109 627 3167 tarn
651 3101 834 3167 necessaria
855 3101 1030 3167 secundum
1052 3104 1215 3184 probatio·

141 3204 244 3272 nem?
276 3207 427 3272 Fortasse
452 3205 591 3289 quodam
614 3205 707 3273 modo
731 3210 781 3271 est
804 3224 929 3272 summa
951 3209 1068 3271 natura
1089 3207 1123 3272 in
1145 3208 1214 3275 loco

141 3309 192 3376 rel
216 3315 377 3391 tempore,
411 3327 473 3394 quo
507 3329 571 3375 non
592 3310 783 3392 prohibetur
806 3310 851 3376 sic
876 3327 947 3376 csse
969 3309 1065 3376 simul
1087 3316 1157 3377 tota
1179 3313 1215 3378 in

142 3416 278 3498 singulis
300 3415 378 3481 locis
401 3416 452 3480 vel
484 3417 699 3499 temporibus,
731 3422 767 3481 ut
800 3419 907 3481 tamen
932 3432 997 3480 nou
1020 3414 1085 3481 sint
1105 3415 1216 3496 plures

141 3527 247 3601 tone,
271 3519 328 3586 sed
352 3537 417 3584 una
439 3521 505 3586 sola
528 3525 611 3598 tota3
647 3539 705 3587 nec
737 3521 807 3602 ejus
831 3524 939 3601 aetas,
973 3538 1057 3604 quae
1079 3538 1143 3585 non
1167 3525 1218 3586 est

143 3626 204 3692 nisi
228 3643 304 3692 vera
327 3624 520 3703 aeternitas,
557 3643 621 3690 uon
655 3626 698 3690 sit
729 3625 902 3691 distributa
930 3625 964 3691 in
994 3622 1216 3706 praeteritum,

100 3741 103 3744 ’
142 3744 297 3812 praesens
321 3734 353 3796 ει
375 3727 527 3795 futurum.
572 3729 644 3795 Non
675 3731 760 3797 enim
789 3731 939 3797 videntur
971 3729 1033 3796 bac
1061 3727 1132 3811 lege
1150 3727 1217 3796 loci

143 3854 182 3902 ac
204 3835 356 3918 temporis
379 3834 464 3918 cogi,
491 3833 551 3899 nisi
575 3852 615 3900 ea
638 3853 721 3918 quae
743 3835 789 3902 sic
812 3836 945 3902 suntin
968 3835 1038 3901 loco
1061 3833 1113 3900 iel
1136 3838 1215 3903 tem·

141 3958 239 4024 porc,
260 3946 297 4006 ut
317 3939 377 4008 loci
399 3940 538 4024 spatium
561 3941 613 4006 vel
637 3940 799 4024 temporis
807 3940 1052 4010 diuturnitatem
1074 3958 1139 4006 nou
1162 3952 1216 4007 ex·
