2684 4546
659 210 816 320 69Ι

140 412 267 492 summe
289 423 458 506 simplicis,
482 441 668 509 summeque
691 428 786 494 unius
803 429 978 510 essentiae,
1002 432 1048 499 sie
1070 452 1212 518 congrae

47 527 57 535 ”
140 529 203 595 diei
225 532 259 595 st
280 528 416 612 intelligi
446 536 571 612 potest,
603 533 678 616 quia
706 535 753 599 sie
777 538 826 600 est
848 537 929 601 alter
956 536 1094 619 idipsum
1126 540 1212 622 quon

140 637 242 716 alter,
277 642 313 700 ut
344 636 427 701 alter
455 639 574 704 habeat
606 641 777 706 essentiam
813 641 954 708 alterius.
999 641 1070 708 Hae
1102 643 1212 726 itaque

139 740 283 820 ratione,
308 742 455 823 quoniam
481 744 609 827 utrique
626 765 689 810 nan
707 745 794 811 aliud
812 750 860 810 est
884 746 1004 812 habere
1028 748 1210 827 essentiam,
1301 789 1304 795 ·

139 863 235 941 qnam
260 845 432 910 essentiam
464 865 553 912 esse:
587 849 670 914 sicut
700 848 799 914 habet
829 849 911 914 alter
941 850 1073 917 alterius
1103 869 1212 917 essen·

139 949 232 1028 tiam,
263 948 309 1013 ita
332 954 382 1014 est
404 951 484 1016 alter
508 952 641 1018 alterius
674 955 832 1035 essentia,
862 954 896 1019 id
929 960 995 1037 est,
1024 955 1109 1022 idem
1139 973 1211 1026 esse

71 1096 74 1105 ‚
139 1057 190 1120 est
213 1053 323 1134 alteri,
349 1056 435 1137 quod
458 1055 562 1122 alteri.

547 1367 686 1436 cneus
708 1367 806 1454 anu.

137 1503 216 1572 Quod
234 1503 324 1573 aptius
342 1503 395 1559 diei
412 1504 498 1572 possit
515 1503 603 1561 Filius
616 1490 746 1561 'sasemis
763 1504 867 1574 Patris,
891 1519 972 1573 quam
989 1505 1071 1560 Pater
1095 1504 1212 1562 essentia

137 1591 219 1646 Filii:
246 1598 274 1647 et
299 1592 371 1660 quod
394 1591 520 1646 similiter
546 1593 582 1648 sit
604 1593 690 1647 Filius
713 1593 803 1648 Patris
829 1595 930 1663 virtus,
956 1600 984 1649 et
1008 1591 1156 1662 sapientia,
1183 1597 1211 1647 et

623 1681 730 1735 similia.

136 1800 358 1869 Conspectus
385 1798 530 1869 capitis.
558 1829 592 1840 -
632 1799 720 1868 Magis
750 1804 841 1854 tamen
860 1801 998 1870 congruit,
1029 1799 1129 1854 Filium
1159 1799 1212 1854 dici

209 1889 355 1944 essentiam
373 1887 476 1956 Patris,
495 1902 577 1955 quam
594 1887 703 1942 Patrem
719 1887 775 1965 *dici
794 1888 938 1942 essentiam
955 1887 1037 1941 Filii:
1060 1903 1120 1940 anm
1139 1889 1211 1943 enim

208 1976 294 2031 Filius
312 1975 413 2031 habeat
436 1977 580 2030 essentiam
605 1976 732 2044 aPatre,
762 1974 816 2030 dici
841 1979 932 2044 potest
948 1976 1048 2031 habere
1067 1977 1211 2031 essentiam

206 2063 310 2130 Patris,
329 2068 357 2116 et
373 2061 486 2130 proinde
505 2078 564 2116 esse
582 2063 701 2117 essentia
717 2063 816 2116 Patris.
845 2062 889 2116 Sis
906 2062 992 2116 Filius
1011 2061 1111 2117 dieitur
1122 2063 1212 2118 Patris

207 2150 309 2220 virtus,
339 2148 487 2219 sapientia,
518 2148 632 2218 veritas,
659 2148 785 2217 justitia,
814 2153 882 2217 eta,
912 2149 975 2216 quis
1000 2148 1053 2204 hoc
1086 2148 1169 2203 habet
1194 2165 1212 2204 a

205 2238 296 2294 Patre.

224 2415 316 2494 Quod
350 2414 427 2479 licet
459 2412 636 2478 seeundum
671 2415 873 2491 perspectam
908 2411 1067 2476 rationem
1099 2428 1210 2475 verum

135 2511 194 2602 sit,
223 2519 319 2585 valde
348 2524 457 2583 tamen
480 2516 582 2598 magis
611 2515 778 2596 congruit,
813 2515 925 2581 Filium
951 2514 1012 2581 dici
1036 2517 1209 2582 essentiam

135 2625 254 2707 patris,
286 2643 381 2707 quam
403 2625 533 2690 Patrem
563 2621 736 2688 essentiam
766 2619 856 2701 Filii,
890 2619 1040 2703 quoniam
1071 2639 1210 2704 namque

134 2730 233 2795 Pater
256 2749 275 2794 a
298 2728 386 2794 nulls
409 2728 508 2794 habet
531 2726 702 2794 essentiam
732 2726 794 2791 n-isi
827 2746 846 2791 a
877 2725 1001 2807 seipso,
1032 2745 1096 2792 non
1129 2728 1209 2794 satis

136 2839 213 2917 apte
237 2835 353 2900 dicitur
382 2834 502 2900 habere
532 2833 704 2899 essentiam
735 2832 871 2914 alicujus
901 2831 963 2896 nisi
994 2848 1103 2911 suam3
1134 2833 1211 2916 quia

133 2958 213 3005 vero
234 2938 333 3002 Filius
358 2939 530 3029 essentiam
562 2956 651 3002 suam
683 2937 780 3002 habet
809 2954 828 2999 a
857 2936 969 3016 Patre,
1001 2938 1034 3002 et
1063 2938 1208 3002 eamdem

134 3057 237 3125 qnam
255 3038 353 3104 habet
374 3038 488 3118 Pater,
512 3039 676 3120 aptissime
693 3039 754 3104 dici
769 3044 875 3122 potest
891 3038 1012 3104 habere
1035 3041 1208 3106 essentiam
1294 3081 1297 3085 -

133 3144 250 3212 Patris.
297 3143 405 3222 Quare
443 3144 591 3225 quoniam
627 3148 742 3217 neuter
773 3145 867 3211 aliter
896 3144 994 3209 habet
1023 3134 1239 3226 essentiam,

125 3229 230 3335 'quarn
255 3249 421 3314 existendo
445 3248 606 3331 essentia3
636 3248 720 3314 sicut
747 3250 855 3330 aptius
876 3249 1067 3330 intelligitur
1089 3248 1208 3316 habere

133 3356 240 3423 Filius
258 3354 363 3420 Patris
381 3353 553 3419 essentiam
571 3373 665 3436 quam
680 3354 777 3420 Pater
792 3355 881 3435 Filii,
903 3355 949 3421 ita
965 3356 1208 3422 convenientius

138 3461 198 3527 dici
222 3466 329 3542 potest
352 3461 451 3526 Filius
473 3460 579 3526 Patris
603 3461 745 3526 essentia
768 3479 863 3542 quam
879 3460 976 3524 Pater
1000 3460 1081 3525 Filii.
1125 3463 1208 3526 Nam

116 3565 216 3637 ,haee
239 3583 305 3628 una
328 3565 356 3628 si
378 3565 435 3630 fiat
449 3566 604 3646 prolatio,
629 3567 706 3630 satis
723 3569 817 3630 acuta
832 3567 990 3632 brevitate
1007 3564 1208 3639 commendat

133 3669 248 3736 Filium
272 3688 336 3734 non
360 3671 461 3735 solum
487 3671 630 3736 eamdem
655 3669 826 3735 essentiam
850 3671 968 3735 habere
1000 3686 1070 3732 cum
1103 3667 1206 3747 Patre,

133 3773 190 3838 sed
214 3772 296 3839 hane
317 3774 420 3855 ipsam
443 3775 563 3840 habere
593 3775 632 3840 de
655 3775 768 3840 Patre:
805 3777 841 3838 ut
864 3773 923 3839 hoc
946 3773 1002 3851 sit,
1032 3770 1132 3835 Filius
1157 3775 1207 3835 est

134 3866 285 3943 essentia‘
295 3879 419 3962 Patris,
441 3881 528 3971 quod
545 3884 611 3959 est,
635 3880 734 3969 Filius
751 3882 879 3944 estnon
898 3875 1047 3942 differens
1064 3873 1206 3940 essentia

133 3982 174 4048 de
196 3983 301 4049 Patris
325 3985 482 4066 essentia,
505 3985 568 4049 imo
593 3984 633 4048 de
648 3983 745 4048 Patre
769 3981 917 4048 essentia.
949 3976 1103 4047 Similiter
1128 3998 1204 4062 ergo
