2684 4546
690 262 732 322 32Ἰ

173 428 305 513 cipi'um,
343 426 393 495 vel
430 426 564 492 habebit
599 429 714 507 finem3
760 436 934 514 antequam
970 433 1056 513 ipso.
1078 434 1245 516 inciperet,

173 555 290 602 verum·
307 540 376 605 erat
391 538 476 614 tunc,
502 534 657 616 quianon
675 539 744 598 erat
765 537 901 601 veritas:
924 540 955 600 et
966 526 1138 625 postquam
1153 539 1246 604 finite
1271 523 1274 529 ¹

172 642 234 705 erit
249 659 360 706 verum
372 639 442 717 erit,
452 637 528 721 quia
539 656 603 703 non
617 639 679 702 erit
687 639 815 704 veritas.
834 641 932 725 Atqui
942 660 1053 705 verum
1064 649 1246 724 nonpotest

172 763 243 811 esse
266 745 336 809 sine
358 743 513 808 veritate:
549 748 619 807 erat
649 743 746 824 igitur
782 743 920 823 veritas,
950 746 1127 830 'antequam
1148 754 1252 815 esset

168 834 309 924 'veritam
343 852 376 912 et
411 846 473 910 erit
506 846 643 924 vertras,
682 853 852 930 postquam
884 849 976 913 finita
1008 851 1071 915 erit
1102 852 1252 939 ueritas?

174 944 258 1039 quod
282 935 653 1018 inconvenientissimum
677 959 735 1016 est.
768 952 841 1017 Sive
863 954 962 1032 igitur
985 953 1247 1033 dicaturveritus

169 1057 308 1136 habere,
331 1056 399 1122 sive
421 1054 623 1135 intelligatur
639 1075 703 1121 non
719 1057 840 1123 habere
854 1059 1047 1139 principium
1072 1059 1122 1124 vel
1134 1052 1245 1140 finem

169 1163 257 1228 nullo
282 1161 386 1228 claudi
408 1161 659 1241 potestveritas
675 1161 833 1242 principio
854 1163 907 1228 'vel
929 1161 1011 1227 line:
1036 1166 1135 1245 quare
1149 1164 1242 1229 idem

169 1267 316 1349 sequitur
339 1266 379 1331 de
401 1284 524 1331 summa
548 1270 682 1346 natura,
706 1267 782 1350 quia
803 1268 877 1347 ipsa
892 1246 1016 1335 summa
1038 1269 1158 1334 veritas
1183 1274 1246 1334 est?

499 1430 504 1441 '
575 1455 715 1521 carun
738 1456 824 1521 mn.
906 1410 909 1418 ’

350 1592 488 1662 Quomodo
506 1592 576 1647 nihil
594 1592 647 1648 fuit
664 1599 742 1662 ante,
760 1600 808 1648 sut
825 1594 878 1649 erit
895 1601 956 1662 post
972 1595 1055 1650 illam.
1126 1660 1130 1665 ,

166 1699 389 1766 Conspectus
407 1697 548 1765 cupitis:
564 1726 599 1738 -
617 1696 725 1765 Duplex
739 1705 782 1752 est
795 1713 890 1753 sensus
901 1698 984 1768 hujus
997 1701 1239 1766 pronuntiationis:

237 1785 305 1840 nihil
324 1784 378 1839 luit
395 1789 459 1839 ante
477 1800 608 1840 summam
628 1786 782 1840 essentiam?
816 1790 840 1840 1.
869 1792 925 1855 est,
953 1787 1111 1855 priusquam
1134 1804 1240 1843 summa

234 1873 353 1929 essentis
370 1877 453 1941 esset,
471 1871 538 1939 fuit,
558 1887 619 1927 cum
638 1877 697 1925 erat
715 1870 800 1940 nihil;
828 1875 852 1925 2.
881 1877 937 1941 e'st,
964 1879 1028 1926 ante
1045 1889 1178 1930 summam
1198 1889 1238 1929 es-

234 1961 348 2016 sentiam
367 1976 421 2014 non
439 1958 492 2019 luit
510 1959 622 2027 aliquid.
648 1958 739 2013 Primo
759 1973 840 2012 sensu
857 1959 925 2014 falsa
944 1964 998 2030 est,
1018 1961 1136 2016 secundo
1155 1976 1238 2015 seusu

79 2036 82 2041 ¹
161 2116 167 2121 Ι
233 2052 276 2102 est
294 2063 365 2102 vera.
401 2046 511 2115 Duplex
532 2061 628 2100 sensus
645 2045 749 2114 pariter
767 2050 809 2100 est
821 2063 882 2100 cum
896 2047 1009 2102 dicitur:
1027 2054 1090 2118 post
1106 2064 1238 2103 summam

233 2135 379 2192 essentiam
396 2133 464 2189 nihil
482 2140 524 2190 est
542 2134 673 2187 futurum.
739 2190 749 2205 ⁸

251 2311 316 2376 Sed
339 2328 411 2376 ecee
434 2310 550 2374 iterum
572 2309 711 2391 insurgit
728 2309 840 2390 nihil,
872 2315 905 2374 et
920 2329 1138 2402 ‘quaecunque
1159 2311 1234 2377 hac·

162 2422 257 2481 tenus
279 2415 361 2481 ratio
386 2414 521 2479 veritate
545 2419 577 2505 et
600 2415 794 2479 necessitate
824 2416 1025 2480 concorditer
1048 2416 1232 2483 attestanti·

161 2522 241 2602 bus,
277 2519 443 2598 disseruit,
478 2516 594 2581 asserit
624 2523 711 2582 esset
745 2518 832 2582 nihil.
878 2519 912 2584 Si
945 2520 1029 2584 enim
1065 2539 1118 2600 ea,
1149 2537 1233 2604 quae

162 2642 261 2706 supra
284 2625 409 2704 digesta
425 2627 518 2700 sunt,
542 2623 745 2700 necessariae
760 2623 904 2688 veritatis
915 2626 1090 2690 munimine
1105 2625 1232 2691 firmata
1297 2638 1301 2642 ·

161 2736 255 2810 sunt,
279 2747 343 2794 non
367 2728 430 2793 fuit
443 2728 571 2811 aliquid
594 2733 677 2794 ante·
692 2747 849 2793 summam
872 2731 1063 2810 essentiam,
1087 2748 1147 2794 neo
1170 2731 1232 2794 erit

159 2824 281 2917 aliquid
302 2838 377 2916 post
398 2851 488 2897 eam:
525 2850 625 2916 quare
659 2833 736 2897 nihil
772 2831 835 2898 fuit
866 2838 943 2899 ante
976 2852 1062 2916 eam,
1097 2841 1130 2899 et
1152 2835 1233 2899 nihil

49 3026 53 3031 Ι
159 2938 221 3004 erit
249 2943 324 3020 post
354 2957 434 3003 eam.
478 2936 561 3003 Nam
592 2943 649 3003 eut
681 2939 819 3022 aliquid,
849 2943 906 3004 aut
927 2938 1007 3004 nihil
1028 2957 1159 3005 necesse
1182 2943 1232 3003 est

157 3044 392 3125 praecessisse,
424 3043 476 3108 vel
508 3044 755 3109 subsecuturum
789 3062 870 3110 esse.
912 3045 978 3123 ,Qui
1011 3043 1228 3120 autemdicit,
1321 3058 1327 3067 ’

158 3149 234 3233 quia
256 3148 334 3214 nihil
357 3147 419 3213 fuit
441 3153 517 3213 ante
538 3148 658 3229 ipsam,
693 3155 726 3214 et
756 3142 835 3215 iuhil
858 3149 920 3215 erit
941 3155 1015 3231 post
1043 3149 1162 3227 ipsam,
1194 3146 1227 3210 id

156 3253 369 3334 pronuntiare
391 3253 534 3318 videtur:
566 3253 642 3335 quia
663 3251 725 3316 fuit
747 3258 823 3318 ante
845 3255 965 3334 ipsam,
996 3249 1125 3333 quaudo
1149 3247 1226 3313 nihil

156 3362 245 3437 erat;
269 3364 301 3422 et
325 3358 386 3424 erit
408 3364 482 3438 post
503 3357 621 3438 ipsam,
645 3356 773 3439 quando
791 3355 870 3420 nihil
894 3357 963 3419 erit.
997 3353 1131 3434 Quando
1149 3371 1226 3433 ergo

123 3479 125 3484 ·
155 3461 235 3526 nihil
259 3468 345 3543 erat,
368 3462 424 3527 illa
445 3479 509 3526 non
532 3466 622 3537 erat;
657 3465 689 3523 et
718 3460 846 3552 quando
871 3457 949 3522 nihil
973 3460 1051 3540 erit,
1084 3459 1138 3524 illa
1161 3478 1225 3523 non
1245 3472 1252 3491 ¹

155 3567 224 3633 erit.
270 3565 433 3647 Quomodo
457 3566 533 3643 ergo
556 3582 621 3628 non
636 3564 777 3646 incoepit
792 3583 832 3629 ex
848 3564 964 3644 nihile,
989 3569 1045 3630 aut
1067 3564 1224 3646 quomodo

154 3689 219 3736 nou
244 3670 393 3736 deveniet
415 3668 455 3734 ad
479 3667 634 3734 nihilum:
658 3671 685 3735 si
706 3670 850 3752 ille·non
875 3672 1017 3737 nondum
1042 3673 1128 3748 erat,
1153 3688 1224 3735 cum

149 3775 218 3857 jam
241 3772 430 3852 eratnihi13
461 3779 495 3837 et
517 3766 635 3839 eadem¹
648 3775 717 3857 jam
740 3795 804 3841 non
829 3776 906 3855 erit,
939 3792 1010 3839 cum
1033 3758 1138 3838 adhuc
1162 3773 1224 3836 erit

153 3879 260 3944 nihil?
298 3879 384 3957 Quid
412 3896 488 3959 ergo
511 3877 619 3945 molita
642 3885 692 3944 est
715 3884 806 3946 tanta
827 3880 927 3945 moles
949 3882 1222 3957 argumentorum,

152 3983 179 4049 si
216 3991 282 4050 tam
315 3982 408 4050 facile
439 3982 611 4049 demolitur
649 3983 783 4049 nihilum
819 3982 982 4047 molimina
1012 3981 1149 4048 eorum?
1187 3981 1221 4047 Si
