<?xml version="1.0" encoding="UTF-8"?>
<!DOCTYPE html PUBLIC "-//W3C//DTD XHTML 1.0 Transitional//EN"
    "http://www.w3.org/TR/xhtml1/DTD/xhtml1-transitional.dtd">
<html xmlns="http://www.w3.org/1999/xhtml" xml:lang="en" lang="en">
 <head>
  <title>
</title>
<meta http-equiv="Content-Type" content="text/html;charset=utf-8" />
  <meta name='ocr-system' content='tesseract 3.04.00' />
  <meta name='ocr-capabilities' content='ocr_page ocr_carea ocr_par ocr_line ocrx_word'/>
</head>
<body>
  <div class='ocr_page' id='page_1' title='image "./monologiumetpro00ansegoog_0151.png"; bbox 0 0 2684 4546; ppageno 0'>
   <div class='ocr_carea' id='block_1_1' title="bbox 681 265 742 328">
    <p class='ocr_par' dir='ltr' id='par_1_1' title="bbox 681 265 742 328">
     <span class='ocr_line' id='line_1_1' title="bbox 681 265 742 328; baseline -0.066 1"><span class='ocrx_word' id='word_1_1' title='bbox 681 265 742 328; x_wconf 72' lang='lat' dir='ltr'>run</span> 
     </span>
    </p>
   </div>
   <div class='ocr_carea' id='block_1_2' title="bbox 184 428 1308 610">
    <p class='ocr_par' dir='ltr' id='par_1_2' title="bbox 184 428 1308 610">
     <span class='ocr_line' id='line_1_2' title="bbox 184 428 1308 533; baseline -0.004 -29"><span class='ocrx_word' id='word_1_2' title='bbox 184 439 273 504; x_wconf 80' lang='lat' dir='ltr'>Deus</span> <span class='ocrx_word' id='word_1_3' title='bbox 305 428 372 504; x_wconf 83' lang='lat' dir='ltr'>uon</span> <span class='ocrx_word' id='word_1_4' title='bbox 402 450 491 514; x_wconf 86' lang='lat' dir='ltr'>esse,</span> <span class='ocrx_word' id='word_1_5' title='bbox 528 433 665 514; x_wconf 79' lang='lat' dir='ltr'>inipso</span> <span class='ocrx_word' id='word_1_6' title='bbox 695 431 803 498; x_wconf 87' lang='lat' dir='ltr'>libello</span> <span class='ocrx_word' id='word_1_7' title='bbox 835 437 916 513; x_wconf 82' lang='lat' dir='ltr'>putu</span> <span class='ocrx_word' id='word_1_8' title='bbox 945 431 1140 500; x_wconf 81' lang='lat' dir='ltr'>sufficienter</span> <span class='ocrx_word' id='word_1_9' title='bbox 1173 449 1245 500; x_wconf 86' lang='lat' dir='ltr'>esse</span> <span class='ocrx_word' id='word_1_10' title='bbox 1305 527 1308 533; x_wconf 79' lang='lat'>.</span> 
     </span>
     <span class='ocr_line' id='line_1_3' title="bbox 184 543 971 610; baseline -0.005 0"><span class='ocrx_word' id='word_1_11' title='bbox 184 543 310 610; x_wconf 63' lang='lat' dir='ltr'>dicerni</span> <span class='ocrx_word' id='word_1_12' title='bbox 365 546 368 551; x_wconf 84' lang='lat'>&#39;</span> <span class='ocrx_word' id='word_1_13' title='bbox 937 561 971 567; x_wconf 66' lang='grc'>”</span> 
     </span>
    </p>
   </div>
   <div class='ocr_carea' id='block_1_3' title="bbox 615 753 811 830">
    <p class='ocr_par' dir='ltr' id='par_1_3' title="bbox 615 753 811 830">
     <span class='ocr_line' id='line_1_4' title="bbox 615 753 811 830; baseline -0.01 -1"><span class='ocrx_word' id='word_1_14' title='bbox 615 762 753 830; x_wconf 80' lang='lat' dir='ltr'><strong>CAPUT</strong></span> <span class='ocrx_word' id='word_1_15' title='bbox 771 753 811 828; x_wconf 78' lang='lat' dir='ltr'>V.</span> 
     </span>
    </p>
   </div>
   <div class='ocr_carea' id='block_1_4' title="bbox 183 877 1244 1059">
    <p class='ocr_par' dir='ltr' id='par_1_4' title="bbox 183 877 1244 1059">
     <span class='ocr_line' id='line_1_5' title="bbox 183 877 1244 976; baseline -0.002 -16"><span class='ocrx_word' id='word_1_16' title='bbox 183 903 312 976; x_wconf 78' lang='lat' dir='ltr'>specialis</span> <span class='ocrx_word' id='word_1_17' title='bbox 331 902 459 958; x_wconf 63' lang='lat' dir='ltr'>(incussio</span> <span class='ocrx_word' id='word_1_18' title='bbox 482 900 617 956; x_wconf 72' lang='lat' dir='ltr'>vanorum</span> <span class='ocrx_word' id='word_1_19' title='bbox 640 900 787 955; x_wconf 82' lang='lat' dir='ltr'>adversarii</span> <span class='ocrx_word' id='word_1_20' title='bbox 812 877 960 971; x_wconf 76' lang='lat' dir='ltr'>dictorum:</span> <span class='ocrx_word' id='word_1_21' title='bbox 988 914 1020 954; x_wconf 83' lang='lat' dir='ltr'>aa</span> <span class='ocrx_word' id='word_1_22' title='bbox 1038 901 1244 972; x_wconf 86' lang='lat' dir='ltr'>primumquod</span> 
     </span>
     <span class='ocr_line' id='line_1_6' title="bbox 251 987 1244 1059; baseline -0.002 -12"><span class='ocrx_word' id='word_1_23' title='bbox 251 993 329 1047; x_wconf 85' lang='lat' dir='ltr'>initio</span> <span class='ocrx_word' id='word_1_24' title='bbox 355 988 501 1045; x_wconf 87' lang='lat' dir='ltr'>infideliter</span> <span class='ocrx_word' id='word_1_25' title='bbox 525 987 651 1044; x_wconf 81' lang='lat' dir='ltr'>retulerit</span> <span class='ocrx_word' id='word_1_26' title='bbox 676 987 921 1059; x_wconf 77' lang='lat' dir='ltr'>ratiocinationem,</span> <span class='ocrx_word' id='word_1_27' title='bbox 955 1000 1036 1057; x_wconf 84' lang='lat' dir='ltr'>quam</span> <span class='ocrx_word' id='word_1_28' title='bbox 1068 988 1244 1045; x_wconf 77' lang='lat' dir='ltr'>refellendam</span> 
     </span>
    </p>
   </div>
   <div class='ocr_carea' id='block_1_5' title="bbox 250 1078 376 1149">
    <p class='ocr_par' dir='ltr' id='par_1_5' title="bbox 250 1078 376 1149">
     <span class='ocr_line' id='line_1_7' title="bbox 250 1078 376 1149; baseline -0.016 -15"><span class='ocrx_word' id='word_1_29' title='bbox 250 1078 376 1149; x_wconf 67' lang='lat' dir='ltr'>sunrepid</span> 
     </span>
    </p>
   </div>
   <div class='ocr_carea' id='block_1_6' title="bbox 174 1252 1323 3657">
    <p class='ocr_par' dir='ltr' id='par_1_6' title="bbox 174 1252 1323 3657">
     <span class='ocr_line' id='line_1_8' title="bbox 268 1252 1244 1337; baseline 0.002 -17"><span class='ocrx_word' id='word_1_30' title='bbox 268 1253 383 1336; x_wconf 82' lang='lat' dir='ltr'>Qualia</span> <span class='ocrx_word' id='word_1_31' title='bbox 405 1272 479 1320; x_wconf 87' lang='lat' dir='ltr'>vero</span> <span class='ocrx_word' id='word_1_32' title='bbox 503 1253 568 1319; x_wconf 87' lang='lat' dir='ltr'>sint</span> <span class='ocrx_word' id='word_1_33' title='bbox 591 1252 726 1334; x_wconf 73' lang='lat' dir='ltr'>edulia,</span> <span class='ocrx_word' id='word_1_34' title='bbox 750 1271 835 1336; x_wconf 88' lang='lat' dir='ltr'>quae</span> <span class='ocrx_word' id='word_1_35' title='bbox 854 1252 931 1319; x_wconf 88' lang='lat' dir='ltr'>mihi</span> <span class='ocrx_word' id='word_1_36' title='bbox 954 1254 1063 1337; x_wconf 84' lang='lat' dir='ltr'>objicis</span> <span class='ocrx_word' id='word_1_37' title='bbox 1085 1272 1143 1337; x_wconf 85' lang='lat' dir='ltr'>pro</span> <span class='ocrx_word' id='word_1_38' title='bbox 1166 1256 1244 1322; x_wconf 88' lang='lat' dir='ltr'>insi·</span> 
     </span>
     <span class='ocr_line' id='line_1_9' title="bbox 181 1356 1244 1443; baseline 0 -17"><span class='ocrx_word' id='word_1_39' title='bbox 181 1361 300 1443; x_wconf 83' lang='lat' dir='ltr'>piente,</span> <span class='ocrx_word' id='word_1_40' title='bbox 322 1356 415 1425; x_wconf 85' lang='lat' dir='ltr'>facile</span> <span class='ocrx_word' id='word_1_41' title='bbox 427 1362 477 1423; x_wconf 84' lang='lat' dir='ltr'>est</span> <span class='ocrx_word' id='word_1_42' title='bbox 491 1357 731 1439; x_wconf 84' lang='lat' dir='ltr'>deprehendere</span> <span class='ocrx_word' id='word_1_43' title='bbox 748 1357 800 1422; x_wconf 91' lang='lat' dir='ltr'>vel</span> <span class='ocrx_word' id='word_1_44' title='bbox 813 1376 927 1439; x_wconf 86' lang='lat' dir='ltr'>parurn</span> <span class='ocrx_word' id='word_1_45' title='bbox 942 1359 1096 1440; x_wconf 61' lang='lat' dir='ltr'>sepianum</span> <span class='ocrx_word' id='word_1_46' title='bbox 1120 1365 1153 1426; x_wconf 81' lang='lat' dir='ltr'>et</span> <span class='ocrx_word' id='word_1_47' title='bbox 1173 1361 1244 1426; x_wconf 80' lang='lat' dir='ltr'>ides</span> 
     </span>
     <span class='ocr_line' id='line_1_10' title="bbox 181 1463 1244 1550; baseline 0.002 -20"><span class='ocrx_word' id='word_1_48' title='bbox 181 1465 214 1530; x_wconf 93' lang='lat' dir='ltr'>id</span> <span class='ocrx_word' id='word_1_49' title='bbox 236 1466 407 1532; x_wconf 82' lang='lat' dir='ltr'>ostendere</span> <span class='ocrx_word' id='word_1_50' title='bbox 430 1463 701 1545; x_wconf 82' lang='lat' dir='ltr'>supersedendum</span> <span class='ocrx_word' id='word_1_51' title='bbox 718 1463 979 1530; x_wconf 82' lang='lat' dir='ltr'>existimaveram.</span> <span class='ocrx_word' id='word_1_52' title='bbox 1011 1465 1073 1531; x_wconf 87' lang='lat' dir='ltr'>Sed</span> <span class='ocrx_word' id='word_1_53' title='bbox 1096 1467 1244 1550; x_wconf 82' lang='lat' dir='ltr'>quoniam</span> 
     </span>
     <span class='ocr_line' id='line_1_11' title="bbox 174 1568 1244 1662; baseline -0.002 -23"><span class='ocrx_word' id='word_1_54' title='bbox 174 1571 275 1662; x_wconf 31' lang='lat' dir='ltr'>,audio</span> <span class='ocrx_word' id='word_1_55' title='bbox 299 1568 488 1653; x_wconf 83' lang='lat' dir='ltr'>quibusdam</span> <span class='ocrx_word' id='word_1_56' title='bbox 511 1587 550 1634; x_wconf 89' lang='lat' dir='ltr'>ea</span> <span class='ocrx_word' id='word_1_57' title='bbox 571 1568 753 1652; x_wconf 82' lang='lat' dir='ltr'>legentibus</span> <span class='ocrx_word' id='word_1_58' title='bbox 782 1568 901 1651; x_wconf 86' lang='lat' dir='ltr'>aliquid</span> <span class='ocrx_word' id='word_1_59' title='bbox 932 1574 1044 1636; x_wconf 86' lang='lat' dir='ltr'>centra</span> <span class='ocrx_word' id='word_1_60' title='bbox 1064 1589 1115 1651; x_wconf 88' lang='lat' dir='ltr'>me</span> <span class='ocrx_word' id='word_1_61' title='bbox 1138 1571 1244 1637; x_wconf 84' lang='lat' dir='ltr'>valere</span> 
     </span>
     <span class='ocr_line' id='line_1_12' title="bbox 182 1666 1244 1761; baseline 0.001 -20"><span class='ocrx_word' id='word_1_62' title='bbox 182 1676 300 1753; x_wconf 81' lang='lat' dir='ltr'>videri3</span> <span class='ocrx_word' id='word_1_63' title='bbox 338 1675 448 1757; x_wconf 85' lang='lat' dir='ltr'>paucis</span> <span class='ocrx_word' id='word_1_64' title='bbox 489 1673 528 1739; x_wconf 87' lang='lat' dir='ltr'>de</span> <span class='ocrx_word' id='word_1_65' title='bbox 561 1672 625 1739; x_wconf 90' lang='lat' dir='ltr'>illis</span> <span class='ocrx_word' id='word_1_66' title='bbox 659 1666 1123 1760; x_wconf 46' lang='lat' dir='ltr'>commemorabo.1Primum‚</span> <span class='ocrx_word' id='word_1_67' title='bbox 1159 1676 1244 1761; x_wconf 88' lang='lat' dir='ltr'>quod</span> 
     </span>
     <span class='ocr_line' id='line_1_13' title="bbox 180 1779 1245 1864; baseline 0.001 -17"><span class='ocrx_word' id='word_1_68' title='bbox 180 1799 275 1862; x_wconf 86' lang='lat' dir='ltr'>saepe</span> <span class='ocrx_word' id='word_1_69' title='bbox 297 1779 416 1862; x_wconf 85' lang='lat' dir='ltr'>repetis</span> <span class='ocrx_word' id='word_1_70' title='bbox 437 1797 488 1845; x_wconf 88' lang='lat' dir='ltr'>me</span> <span class='ocrx_word' id='word_1_71' title='bbox 511 1779 637 1858; x_wconf 79' lang='lat' dir='ltr'>dicere,</span> <span class='ocrx_word' id='word_1_72' title='bbox 667 1780 744 1862; x_wconf 88' lang='lat' dir='ltr'>quia</span> <span class='ocrx_word' id='word_1_73' title='bbox 765 1780 849 1862; x_wconf 84' lang='lat' dir='ltr'>qued</span> <span class='ocrx_word' id='word_1_74' title='bbox 873 1784 923 1845; x_wconf 85' lang='lat' dir='ltr'>est</span> <span class='ocrx_word' id='word_1_75' title='bbox 952 1782 1055 1864; x_wconf 87' lang='lat' dir='ltr'>majus</span> <span class='ocrx_word' id='word_1_76' title='bbox 1087 1784 1245 1864; x_wconf 87' lang='lat' dir='ltr'>omnibus,</span> 
     </span>
     <span class='ocr_line' id='line_1_14' title="bbox 181 1866 1243 1967; baseline 0 -15"><span class='ocrx_word' id='word_1_77' title='bbox 181 1893 231 1953; x_wconf 85' lang='lat' dir='ltr'>est</span> <span class='ocrx_word' id='word_1_78' title='bbox 253 1887 286 1951; x_wconf 92' lang='lat' dir='ltr'>in</span> <span class='ocrx_word' id='word_1_79' title='bbox 308 1868 486 1962; x_wconf 76' lang='lat' dir='ltr'>intellectu;</span> <span class='ocrx_word' id='word_1_80' title='bbox 516 1889 549 1949; x_wconf 80' lang='lat' dir='ltr'>et</span> <span class='ocrx_word' id='word_1_81' title='bbox 579 1885 607 1950; x_wconf 87' lang='lat' dir='ltr'>si</span> <span class='ocrx_word' id='word_1_82' title='bbox 637 1889 687 1949; x_wconf 84' lang='lat' dir='ltr'>est</span> <span class='ocrx_word' id='word_1_83' title='bbox 716 1885 750 1948; x_wconf 93' lang='lat' dir='ltr'>in</span> <span class='ocrx_word' id='word_1_84' title='bbox 779 1884 964 1967; x_wconf 77' lang='lat' dir='ltr'>intellectu,</span> <span class='ocrx_word' id='word_1_85' title='bbox 990 1890 1048 1953; x_wconf 66' lang='lat' dir='ltr'>,est</span> <span class='ocrx_word' id='word_1_86' title='bbox 1074 1866 1166 1952; x_wconf 57' lang='lat' dir='ltr'>&#39;etin</span> <span class='ocrx_word' id='word_1_87' title='bbox 1188 1907 1243 1963; x_wconf 79' lang='lat' dir='ltr'>re:</span> 
     </span>
     <span class='ocr_line' id='line_1_15' title="bbox 179 1982 1243 2075; baseline -0.002 -17"><span class='ocrx_word' id='word_1_88' title='bbox 179 1982 273 2059; x_wconf 79' lang='lat' dir='ltr'>aliter</span> <span class='ocrx_word' id='word_1_89' title='bbox 302 1991 387 2055; x_wconf 89' lang='lat' dir='ltr'>euim</span> <span class='ocrx_word' id='word_1_90' title='bbox 415 1988 561 2054; x_wconf 86' lang='lat' dir='ltr'>omuibus</span> <span class='ocrx_word' id='word_1_91' title='bbox 594 1988 697 2070; x_wconf 81' lang='lat' dir='ltr'>majus</span> <span class='ocrx_word' id='word_1_92' title='bbox 729 2007 793 2053; x_wconf 88' lang='lat' dir='ltr'>uun</span> <span class='ocrx_word' id='word_1_93' title='bbox 826 1994 911 2055; x_wconf 85' lang='lat' dir='ltr'>esset</span> <span class='ocrx_word' id='word_1_94' title='bbox 942 1989 1088 2057; x_wconf 88' lang='lat' dir='ltr'>omnibus</span> <span class='ocrx_word' id='word_1_95' title='bbox 1121 1993 1243 2075; x_wconf 87' lang='lat' dir='ltr'>majus:</span> 
     </span>
     <span class='ocr_line' id='line_1_16' title="bbox 180 2076 1242 2181; baseline -0.002 -17"><span class='ocrx_word' id='word_1_96' title='bbox 180 2115 338 2181; x_wconf 84' lang='lat' dir='ltr'>nusquam</span> <span class='ocrx_word' id='word_1_97' title='bbox 360 2096 394 2160; x_wconf 90' lang='lat' dir='ltr'>in</span> <span class='ocrx_word' id='word_1_98' title='bbox 417 2093 563 2159; x_wconf 86' lang='lat' dir='ltr'>omnibus</span> <span class='ocrx_word' id='word_1_99' title='bbox 593 2093 686 2160; x_wconf 78' lang='lat' dir='ltr'>dietis</span> <span class='ocrx_word' id='word_1_100' title='bbox 707 2092 786 2160; x_wconf 79' lang='lat' dir='ltr'>meis</span> <span class='ocrx_word' id='word_1_101' title='bbox 808 2076 969 2160; x_wconf 76' lang='lat' dir='ltr'>invenitur</span> <span class='ocrx_word' id='word_1_102' title='bbox 992 2095 1063 2160; x_wconf 81' lang='lat' dir='ltr'>talis</span> <span class='ocrx_word' id='word_1_103' title='bbox 1086 2097 1242 2179; x_wconf 73' lang='lat' dir='ltr'>probatis</span> 
     </span>
     <span class='ocr_line' id='line_1_17' title="bbox 179 2197 1243 2284; baseline -0.003 -15"><span class='ocrx_word' id='word_1_104' title='bbox 179 2202 251 2269; x_wconf 85' lang='lat' dir='ltr'>Non</span> <span class='ocrx_word' id='word_1_105' title='bbox 274 2201 356 2273; x_wconf 85' lang='lat' dir='ltr'>enim</span> <span class='ocrx_word' id='word_1_106' title='bbox 379 2199 463 2266; x_wconf 87' lang='lat' dir='ltr'>idem</span> <span class='ocrx_word' id='word_1_107' title='bbox 486 2198 588 2277; x_wconf 85' lang='lat' dir='ltr'>valet,</span> <span class='ocrx_word' id='word_1_108' title='bbox 620 2198 704 2283; x_wconf 89' lang='lat' dir='ltr'>quod</span> <span class='ocrx_word' id='word_1_109' title='bbox 728 2197 860 2278; x_wconf 80' lang='lat' dir='ltr'>dieitur3</span> <span class='ocrx_word' id='word_1_110' title='bbox 889 2201 993 2284; x_wconf 86' lang='lat' dir='ltr'>majus</span> <span class='ocrx_word' id='word_1_111' title='bbox 1015 2201 1178 2281; x_wconf 86' lang='lat' dir='ltr'>omnibus,</span> <span class='ocrx_word' id='word_1_112' title='bbox 1201 2208 1243 2283; x_wconf 84' lang='lat' dir='ltr'>et,</span> 
     </span>
     <span class='ocr_line' id='line_1_18' title="bbox 181 2303 1243 2393; baseline 0 -19"><span class='ocrx_word' id='word_1_113' title='bbox 181 2326 242 2393; x_wconf 87' lang='lat' dir='ltr'>que</span> <span class='ocrx_word' id='word_1_114' title='bbox 264 2308 368 2390; x_wconf 71' lang='lat' dir='ltr'>maius</span> <span class='ocrx_word' id='word_1_115' title='bbox 390 2304 522 2385; x_wconf 74' lang='lat' dir='ltr'>eogitari</span> <span class='ocrx_word' id='word_1_116' title='bbox 534 2303 660 2387; x_wconf 86' lang='lat' dir='ltr'>nequit,</span> <span class='ocrx_word' id='word_1_117' title='bbox 684 2303 957 2384; x_wconf 84' lang='lat' dir='ltr'>adprobandum,</span> <span class='ocrx_word' id='word_1_118' title='bbox 981 2306 1056 2389; x_wconf 86' lang='lat' dir='ltr'>quia</span> <span class='ocrx_word' id='word_1_119' title='bbox 1078 2306 1183 2372; x_wconf 84' lang='lat' dir='ltr'>estin</span> <span class='ocrx_word' id='word_1_120' title='bbox 1207 2325 1243 2374; x_wconf 85' lang='lat' dir='ltr'>re</span> 
     </span>
     <span class='ocr_line' id='line_1_19' title="bbox 181 2408 1269 2498; baseline 0.006 -20"><span class='ocrx_word' id='word_1_121' title='bbox 181 2412 265 2498; x_wconf 86' lang='lat' dir='ltr'>quod</span> <span class='ocrx_word' id='word_1_122' title='bbox 289 2412 414 2478; x_wconf 80' lang='lat' dir='ltr'>dieitur:</span> <span class='ocrx_word' id='word_1_123' title='bbox 459 2409 493 2476; x_wconf 84' lang='lat' dir='ltr'>si</span> <span class='ocrx_word' id='word_1_124' title='bbox 517 2410 587 2495; x_wconf 86' lang='lat' dir='ltr'>quis</span> <span class='ocrx_word' id='word_1_125' title='bbox 610 2408 695 2474; x_wconf 90' lang='lat' dir='ltr'>enim</span> <span class='ocrx_word' id='word_1_126' title='bbox 710 2408 875 2495; x_wconf 78' lang='lat' dir='ltr'>dicatque</span> <span class='ocrx_word' id='word_1_127' title='bbox 896 2411 999 2494; x_wconf 69' lang='lat' dir='ltr'>majus</span> <span class='ocrx_word' id='word_1_128' title='bbox 1023 2413 1154 2493; x_wconf 83' lang='lat' dir='ltr'>eogitari</span> <span class='ocrx_word' id='word_1_129' title='bbox 1179 2431 1269 2484; x_wconf 76' lang='lat' dir='ltr'>uon.</span> 
     </span>
     <span class='ocr_line' id='line_1_20' title="bbox 178 2515 1323 2602; baseline 0.001 -18"><span class='ocrx_word' id='word_1_130' title='bbox 178 2520 294 2602; x_wconf 83' lang='lat' dir='ltr'>possit,</span> <span class='ocrx_word' id='word_1_131' title='bbox 319 2536 383 2584; x_wconf 83' lang='lat' dir='ltr'>neu</span> <span class='ocrx_word' id='word_1_132' title='bbox 406 2533 477 2585; x_wconf 88' lang='lat' dir='ltr'>esse</span> <span class='ocrx_word' id='word_1_133' title='bbox 498 2515 619 2601; x_wconf 77' lang='lat' dir='ltr'>aliquid</span> <span class='ocrx_word' id='word_1_134' title='bbox 641 2516 675 2581; x_wconf 85' lang='lat' dir='ltr'>in</span> <span class='ocrx_word' id='word_1_135' title='bbox 697 2534 751 2595; x_wconf 84' lang='lat' dir='ltr'>re,</span> <span class='ocrx_word' id='word_1_136' title='bbox 782 2520 839 2582; x_wconf 80' lang='lat' dir='ltr'>aut</span> <span class='ocrx_word' id='word_1_137' title='bbox 860 2534 956 2598; x_wconf 86' lang='lat' dir='ltr'>pesse</span> <span class='ocrx_word' id='word_1_138' title='bbox 980 2535 1048 2583; x_wconf 88' lang='lat' dir='ltr'>non.</span> <span class='ocrx_word' id='word_1_139' title='bbox 1067 2535 1156 2599; x_wconf 85' lang='lat' dir='ltr'>esse,</span> <span class='ocrx_word' id='word_1_140' title='bbox 1188 2523 1245 2585; x_wconf 82' lang='lat' dir='ltr'>aut</span> <span class='ocrx_word' id='word_1_141' title='bbox 1318 2518 1323 2539; x_wconf 90' lang='lat'><em>&#39;</em></span> 
     </span>
     <span class='ocr_line' id='line_1_21' title="bbox 178 2621 1243 2706; baseline 0.001 -16"><span class='ocrx_word' id='word_1_142' title='bbox 178 2624 235 2690; x_wconf 81' lang='lat' dir='ltr'>rel·</span> <span class='ocrx_word' id='word_1_143' title='bbox 253 2641 319 2689; x_wconf 90' lang='lat' dir='ltr'>non</span> <span class='ocrx_word' id='word_1_144' title='bbox 341 2639 411 2688; x_wconf 87' lang='lat' dir='ltr'>esse</span> <span class='ocrx_word' id='word_1_145' title='bbox 434 2639 528 2704; x_wconf 85' lang='lat' dir='ltr'>posse</span> <span class='ocrx_word' id='word_1_146' title='bbox 563 2621 711 2704; x_wconf 82' lang='lat' dir='ltr'>eogitari,</span> <span class='ocrx_word' id='word_1_147' title='bbox 743 2621 838 2688; x_wconf 82' lang='lat' dir='ltr'>facile</span> <span class='ocrx_word' id='word_1_148' title='bbox 868 2621 971 2689; x_wconf 81' lang='lat' dir='ltr'>refelli</span> <span class='ocrx_word' id='word_1_149' title='bbox 1003 2629 1119 2706; x_wconf 85' lang='lat' dir='ltr'>potest.</span> <span class='ocrx_word' id='word_1_150' title='bbox 1162 2626 1243 2691; x_wconf 90' lang='lat' dir='ltr'>Nam</span> 
     </span>
     <span class='ocr_line' id='line_1_22' title="bbox 179 2729 1242 2814; baseline 0.002 -19"><span class='ocrx_word' id='word_1_151' title='bbox 179 2729 265 2814; x_wconf 86' lang='lat' dir='ltr'>quod</span> <span class='ocrx_word' id='word_1_152' title='bbox 286 2747 351 2795; x_wconf 88' lang='lat' dir='ltr'>non</span> <span class='ocrx_word' id='word_1_153' title='bbox 374 2731 442 2810; x_wconf 84' lang='lat' dir='ltr'>est,</span> <span class='ocrx_word' id='word_1_154' title='bbox 464 2731 646 2810; x_wconf 84' lang='lat' dir='ltr'>potestnun</span> <span class='ocrx_word' id='word_1_155' title='bbox 670 2744 756 2806; x_wconf 89' lang='lat' dir='ltr'>esse;</span> <span class='ocrx_word' id='word_1_156' title='bbox 781 2733 813 2792; x_wconf 86' lang='lat' dir='ltr'>et</span> <span class='ocrx_word' id='word_1_157' title='bbox 834 2729 918 2811; x_wconf 87' lang='lat' dir='ltr'>quod</span> <span class='ocrx_word' id='word_1_158' title='bbox 945 2748 1010 2795; x_wconf 88' lang='lat' dir='ltr'>non</span> <span class='ocrx_word' id='word_1_159' title='bbox 1033 2748 1104 2796; x_wconf 84' lang='lat' dir='ltr'>esse</span> <span class='ocrx_word' id='word_1_160' title='bbox 1128 2736 1242 2812; x_wconf 76' lang='lat' dir='ltr'>potest,</span> 
     </span>
     <span class='ocr_line' id='line_1_23' title="bbox 179 2831 1243 2918; baseline 0.003 -19"><span class='ocrx_word' id='word_1_161' title='bbox 179 2833 310 2915; x_wconf 78' lang='lat' dir='ltr'>rogitmi</span> <span class='ocrx_word' id='word_1_162' title='bbox 333 2836 440 2914; x_wconf 84' lang='lat' dir='ltr'>potest</span> <span class='ocrx_word' id='word_1_163' title='bbox 463 2850 527 2897; x_wconf 89' lang='lat' dir='ltr'>non</span> <span class='ocrx_word' id='word_1_164' title='bbox 550 2850 629 2897; x_wconf 85' lang='lat' dir='ltr'>esse.</span> <span class='ocrx_word' id='word_1_165' title='bbox 674 2831 831 2915; x_wconf 82' lang='lat' dir='ltr'>Quicquid</span> <span class='ocrx_word' id='word_1_166' title='bbox 853 2837 961 2899; x_wconf 84' lang='lat' dir='ltr'>aurem</span> <span class='ocrx_word' id='word_1_167' title='bbox 984 2835 1115 2917; x_wconf 81' lang='lat' dir='ltr'>eogitari</span> <span class='ocrx_word' id='word_1_168' title='bbox 1135 2840 1243 2918; x_wconf 83' lang='lat' dir='ltr'>potest</span> 
     </span>
     <span class='ocr_line' id='line_1_24' title="bbox 178 2938 1242 3024; baseline 0.001 -18"><span class='ocrx_word' id='word_1_169' title='bbox 178 2959 243 3006; x_wconf 89' lang='lat' dir='ltr'>non</span> <span class='ocrx_word' id='word_1_170' title='bbox 268 2956 338 3004; x_wconf 85' lang='lat' dir='ltr'>esse</span> <span class='ocrx_word' id='word_1_171' title='bbox 350 2961 359 3018; x_wconf 89' lang='lat'>;</span> <span class='ocrx_word' id='word_1_172' title='bbox 382 2938 409 3003; x_wconf 87' lang='lat' dir='ltr'>si</span> <span class='ocrx_word' id='word_1_173' title='bbox 431 2944 498 3023; x_wconf 82' lang='lat' dir='ltr'>est,</span> <span class='ocrx_word' id='word_1_174' title='bbox 522 2955 585 3003; x_wconf 88' lang='lat' dir='ltr'>nen</span> <span class='ocrx_word' id='word_1_175' title='bbox 609 2943 659 3002; x_wconf 86' lang='lat' dir='ltr'>est</span> <span class='ocrx_word' id='word_1_176' title='bbox 680 2955 747 3023; x_wconf 66' lang='lat' dir='ltr'>⁴quo</span> <span class='ocrx_word' id='word_1_177' title='bbox 763 2938 866 3021; x_wconf 86' lang='lat' dir='ltr'>majus</span> <span class='ocrx_word' id='word_1_178' title='bbox 880 2938 1013 3020; x_wconf 82' lang='lat' dir='ltr'>eogitari</span> <span class='ocrx_word' id='word_1_179' title='bbox 1035 2959 1099 3007; x_wconf 87' lang='lat' dir='ltr'>nun</span> <span class='ocrx_word' id='word_1_180' title='bbox 1121 2943 1242 3024; x_wconf 85' lang='lat' dir='ltr'>pessit:</span> 
     </span>
     <span class='ocr_line' id='line_1_25' title="bbox 177 3043 1242 3134; baseline 0.006 -25"><span class='ocrx_word' id='word_1_181' title='bbox 177 3045 262 3131; x_wconf 87' lang='lat' dir='ltr'>quod</span> <span class='ocrx_word' id='word_1_182' title='bbox 286 3045 312 3112; x_wconf 85' lang='lat' dir='ltr'>si</span> <span class='ocrx_word' id='word_1_183' title='bbox 336 3062 399 3110; x_wconf 88' lang='lat' dir='ltr'>non</span> <span class='ocrx_word' id='word_1_184' title='bbox 434 3045 499 3124; x_wconf 78' lang='lat' dir='ltr'>est‘,</span> <span class='ocrx_word' id='word_1_185' title='bbox 531 3043 641 3128; x_wconf 83' lang='lat' dir='ltr'>utique</span> <span class='ocrx_word' id='word_1_186' title='bbox 663 3043 690 3109; x_wconf 90' lang='lat' dir='ltr'>si</span> <span class='ocrx_word' id='word_1_187' title='bbox 718 3048 819 3124; x_wconf 86' lang='lat' dir='ltr'>esset,</span> <span class='ocrx_word' id='word_1_188' title='bbox 853 3063 917 3111; x_wconf 90' lang='lat' dir='ltr'>non</span> <span class='ocrx_word' id='word_1_189' title='bbox 947 3051 1118 3133; x_wconf 82' lang='lat' dir='ltr'>essetque</span> <span class='ocrx_word' id='word_1_190' title='bbox 1141 3052 1242 3134; x_wconf 85' lang='lat' dir='ltr'>majus</span> 
     </span>
     <span class='ocr_line' id='line_1_26' title="bbox 178 3149 1241 3238; baseline 0.004 -21"><span class='ocrx_word' id='word_1_191' title='bbox 178 3168 244 3217; x_wconf 92' lang='lat' dir='ltr'>nou</span> <span class='ocrx_word' id='word_1_192' title='bbox 265 3150 368 3233; x_wconf 83' lang='lat' dir='ltr'>possit</span> <span class='ocrx_word' id='word_1_193' title='bbox 390 3149 530 3231; x_wconf 84' lang='lat' dir='ltr'>cogitari.</span> <span class='ocrx_word' id='word_1_194' title='bbox 561 3149 627 3215; x_wconf 89' lang='lat' dir='ltr'>Sed</span> <span class='ocrx_word' id='word_1_195' title='bbox 648 3149 709 3215; x_wconf 90' lang='lat' dir='ltr'>diei</span> <span class='ocrx_word' id='word_1_196' title='bbox 733 3167 795 3218; x_wconf 89' lang='lat' dir='ltr'>nun</span> <span class='ocrx_word' id='word_1_197' title='bbox 818 3155 943 3232; x_wconf 59' lang='lat' dir='ltr'>putrem</span> <span class='ocrx_word' id='word_1_198' title='bbox 966 3152 1041 3236; x_wconf 87' lang='lat' dir='ltr'>quia</span> <span class='ocrx_word' id='word_1_199' title='bbox 1063 3171 1125 3238; x_wconf 87' lang='lat' dir='ltr'>quo</span> <span class='ocrx_word' id='word_1_200' title='bbox 1140 3158 1241 3238; x_wconf 77' lang='lat' dir='ltr'>maJus</span> 
     </span>
     <span class='ocr_line' id='line_1_27' title="bbox 177 3253 1241 3343; baseline 0.009 -24"><span class='ocrx_word' id='word_1_201' title='bbox 177 3272 241 3319; x_wconf 89' lang='lat' dir='ltr'>non</span> <span class='ocrx_word' id='word_1_202' title='bbox 263 3253 366 3333; x_wconf 83' lang='lat' dir='ltr'>possit</span> <span class='ocrx_word' id='word_1_203' title='bbox 388 3255 537 3334; x_wconf 84' lang='lat' dir='ltr'>eogitari,</span> <span class='ocrx_word' id='word_1_204' title='bbox 572 3255 600 3318; x_wconf 87' lang='lat' dir='ltr'>si</span> <span class='ocrx_word' id='word_1_205' title='bbox 632 3261 699 3335; x_wconf 88' lang='lat' dir='ltr'>est,</span> <span class='ocrx_word' id='word_1_206' title='bbox 735 3275 799 3321; x_wconf 88' lang='lat' dir='ltr'>non</span> <span class='ocrx_word' id='word_1_207' title='bbox 828 3261 961 3341; x_wconf 84' lang='lat' dir='ltr'>estque</span> <span class='ocrx_word' id='word_1_208' title='bbox 984 3261 1088 3343; x_wconf 81' lang='lat' dir='ltr'>majus</span> <span class='ocrx_word' id='word_1_209' title='bbox 1111 3261 1241 3343; x_wconf 67' lang='lat' dir='ltr'>cogitem</span> 
     </span>
     <span class='ocr_line' id='line_1_28' title="bbox 178 3356 1297 3448; baseline 0.008 -26"><span class='ocrx_word' id='word_1_210' title='bbox 178 3376 242 3422; x_wconf 90' lang='lat' dir='ltr'>non</span> <span class='ocrx_word' id='word_1_211' title='bbox 258 3357 385 3441; x_wconf 77' lang='lat' dir='ltr'>pessit3</span> <span class='ocrx_word' id='word_1_212' title='bbox 408 3357 638 3440; x_wconf 65' lang='lat' dir='ltr'>anteisset,</span> <span class='ocrx_word' id='word_1_213' title='bbox 668 3377 732 3424; x_wconf 91' lang='lat' dir='ltr'>nou</span> <span class='ocrx_word' id='word_1_214' title='bbox 753 3365 840 3427; x_wconf 83' lang='lat' dir='ltr'>esset</span> <span class='ocrx_word' id='word_1_215' title='bbox 863 3379 928 3444; x_wconf 81' lang='lat' dir='ltr'>que</span> <span class='ocrx_word' id='word_1_216' title='bbox 950 3381 1013 3427; x_wconf 86' lang='lat' dir='ltr'>non</span> <span class='ocrx_word' id='word_1_217' title='bbox 1035 3366 1138 3447; x_wconf 81' lang='lat' dir='ltr'>possit</span> <span class='ocrx_word' id='word_1_218' title='bbox 1159 3366 1241 3448; x_wconf 85' lang='lat' dir='ltr'>cogi·</span> <span class='ocrx_word' id='word_1_219' title='bbox 1294 3356 1297 3370; x_wconf 66' lang='lat'><strong>¹</strong></span> 
     </span>
     <span class='ocr_line' id='line_1_29' title="bbox 177 3461 1241 3553; baseline 0.009 -25"><span class='ocrx_word' id='word_1_220' title='bbox 177 3461 239 3529; x_wconf 83' lang='lat' dir='ltr'>tari</span> <span class='ocrx_word' id='word_1_221' title='bbox 254 3461 367 3544; x_wconf 80' lang='lat' dir='ltr'>majus.</span> <span class='ocrx_word' id='word_1_222' title='bbox 396 3461 490 3527; x_wconf 82' lang='lat' dir='ltr'>Patet</span> <span class='ocrx_word' id='word_1_223' title='bbox 504 3479 589 3544; x_wconf 82' lang='lat' dir='ltr'>ergo,</span> <span class='ocrx_word' id='word_1_224' title='bbox 613 3462 688 3547; x_wconf 90' lang='lat' dir='ltr'>quia</span> <span class='ocrx_word' id='word_1_225' title='bbox 711 3481 854 3530; x_wconf 82' lang='lat' dir='ltr'>necnon</span> <span class='ocrx_word' id='word_1_226' title='bbox 878 3471 946 3548; x_wconf 83' lang='lat' dir='ltr'>est,</span> <span class='ocrx_word' id='word_1_227' title='bbox 968 3485 1027 3535; x_wconf 88' lang='lat' dir='ltr'>nee</span> <span class='ocrx_word' id='word_1_228' title='bbox 1047 3476 1155 3553; x_wconf 84' lang='lat' dir='ltr'>potest</span> <span class='ocrx_word' id='word_1_229' title='bbox 1177 3490 1241 3538; x_wconf 85' lang='lat' dir='ltr'>uun</span> 
     </span>
     <span class='ocr_line' id='line_1_30' title="bbox 179 3568 1240 3657; baseline 0.007 -22"><span class='ocrx_word' id='word_1_230' title='bbox 179 3586 265 3649; x_wconf 87' lang='lat' dir='ltr'>esse,</span> <span class='ocrx_word' id='word_1_231' title='bbox 301 3572 357 3634; x_wconf 83' lang='lat' dir='ltr'>aut</span> <span class='ocrx_word' id='word_1_232' title='bbox 380 3568 515 3649; x_wconf 82' lang='lat' dir='ltr'>cogitari</span> <span class='ocrx_word' id='word_1_233' title='bbox 535 3588 599 3635; x_wconf 91' lang='lat' dir='ltr'>non</span> <span class='ocrx_word' id='word_1_234' title='bbox 621 3587 701 3637; x_wconf 79' lang='lat' dir='ltr'>esse</span> <span class='ocrx_word' id='word_1_235' title='bbox 746 3569 849 3648; x_wconf 83' lang='lat' dir='ltr'>Aliter</span> <span class='ocrx_word' id='word_1_236' title='bbox 881 3574 984 3656; x_wconf 87' lang='lat' dir='ltr'>euim,</span> <span class='ocrx_word' id='word_1_237' title='bbox 1017 3576 1045 3641; x_wconf 88' lang='lat' dir='ltr'>si</span> <span class='ocrx_word' id='word_1_238' title='bbox 1077 3581 1142 3657; x_wconf 86' lang='lat' dir='ltr'>est,</span> <span class='ocrx_word' id='word_1_239' title='bbox 1176 3595 1240 3642; x_wconf 91' lang='lat' dir='ltr'>non</span> 
     </span>
    </p>
   </div>
   <div class='ocr_carea' id='block_1_7' title="bbox 39 3673 1241 3780">
    <p class='ocr_par' dir='ltr' id='par_1_7' title="bbox 39 3673 1241 3780">
     <span class='ocr_line' id='line_1_31' title="bbox 39 3673 1241 3780; baseline 0.013 -44"><span class='ocrx_word' id='word_1_240' title='bbox 39 3709 44 3716; x_wconf 94' lang='lat'>·</span> <span class='ocrx_word' id='word_1_241' title='bbox 75 3710 80 3716; x_wconf 95' lang='lat'>·</span> <span class='ocrx_word' id='word_1_242' title='bbox 178 3677 228 3741; x_wconf 84' lang='lat' dir='ltr'>est</span> <span class='ocrx_word' id='word_1_243' title='bbox 250 3673 338 3756; x_wconf 84' lang='lat' dir='ltr'>quod</span> <span class='ocrx_word' id='word_1_244' title='bbox 358 3673 493 3754; x_wconf 82' lang='lat' dir='ltr'>dieitur;</span> <span class='ocrx_word' id='word_1_245' title='bbox 514 3679 551 3741; x_wconf 76' lang='lat' dir='ltr'>et</span> <span class='ocrx_word' id='word_1_246' title='bbox 567 3677 597 3743; x_wconf 85' lang='lat' dir='ltr'>si</span> <span class='ocrx_word' id='word_1_247' title='bbox 616 3681 720 3755; x_wconf 73' lang='lat' dir='ltr'>esset,</span> <span class='ocrx_word' id='word_1_248' title='bbox 740 3696 802 3744; x_wconf 89' lang='lat' dir='ltr'>nun</span> <span class='ocrx_word' id='word_1_249' title='bbox 819 3683 912 3744; x_wconf 86' lang='lat' dir='ltr'>esset.</span> <span class='ocrx_word' id='word_1_250' title='bbox 957 3681 1025 3747; x_wconf 85' lang='lat' dir='ltr'>Hue</span> <span class='ocrx_word' id='word_1_251' title='bbox 1046 3688 1153 3780; x_wconf 76' lang='lat' dir='ltr'>autern</span> <span class='ocrx_word' id='word_1_252' title='bbox 1175 3702 1241 3751; x_wconf 84' lang='lat' dir='ltr'>neu</span> 
     </span>
    </p>
   </div>
   <div class='ocr_carea' id='block_1_8' title="bbox 175 3779 1242 3972">
    <p class='ocr_par' dir='ltr' id='par_1_8' title="bbox 175 3779 1242 3972">
     <span class='ocr_line' id='line_1_32' title="bbox 177 3779 1240 3868; baseline 0.008 -23"><span class='ocrx_word' id='word_1_253' title='bbox 177 3784 243 3845; x_wconf 85' lang='lat' dir='ltr'>tarn</span> <span class='ocrx_word' id='word_1_254' title='bbox 265 3779 360 3846; x_wconf 80' lang='lat' dir='ltr'>facile</span> <span class='ocrx_word' id='word_1_255' title='bbox 378 3780 507 3862; x_wconf 85' lang='lat' dir='ltr'>probari</span> <span class='ocrx_word' id='word_1_256' title='bbox 518 3799 614 3863; x_wconf 85' lang='lat' dir='ltr'>posse</span> <span class='ocrx_word' id='word_1_257' title='bbox 634 3782 760 3849; x_wconf 74' lang='lat' dir='ltr'>uidetur</span> <span class='ocrx_word' id='word_1_258' title='bbox 776 3783 816 3849; x_wconf 91' lang='lat' dir='ltr'>de</span> <span class='ocrx_word' id='word_1_259' title='bbox 832 3802 886 3864; x_wconf 78' lang='lat' dir='ltr'>ee,</span> <span class='ocrx_word' id='word_1_260' title='bbox 909 3785 996 3868; x_wconf 86' lang='lat' dir='ltr'>quod</span> <span class='ocrx_word' id='word_1_261' title='bbox 1014 3785 1117 3868; x_wconf 65' lang='lat' dir='ltr'>maius</span> <span class='ocrx_word' id='word_1_262' title='bbox 1140 3788 1240 3854; x_wconf 84' lang='lat' dir='ltr'>emni-</span> 
     </span>
     <span class='ocr_line' id='line_1_33' title="bbox 175 3884 1242 3972; baseline 0.008 -21"><span class='ocrx_word' id='word_1_263' title='bbox 175 3884 237 3951; x_wconf 83' lang='lat' dir='ltr'>bus</span> <span class='ocrx_word' id='word_1_264' title='bbox 265 3885 392 3952; x_wconf 77' lang='lat' dir='ltr'>dieitur..</span> <span class='ocrx_word' id='word_1_265' title='bbox 430 3885 502 3953; x_wconf 89' lang='lat' dir='ltr'>Nou</span> <span class='ocrx_word' id='word_1_266' title='bbox 535 3887 619 3955; x_wconf 86' lang='lat' dir='ltr'>enim</span> <span class='ocrx_word' id='word_1_267' title='bbox 650 3888 698 3954; x_wconf 84' lang='lat' dir='ltr'>ita</span> <span class='ocrx_word' id='word_1_268' title='bbox 718 3893 828 3971; x_wconf 78' lang='lat' dir='ltr'>patet,</span> <span class='ocrx_word' id='word_1_269' title='bbox 864 3889 937 3972; x_wconf 86' lang='lat' dir='ltr'>quia</span> <span class='ocrx_word' id='word_1_270' title='bbox 960 3889 1044 3972; x_wconf 84' lang='lat' dir='ltr'>qued</span> <span class='ocrx_word' id='word_1_271' title='bbox 1059 3911 1144 3958; x_wconf 78' lang='lat' dir='ltr'>nen.</span> <span class='ocrx_word' id='word_1_272' title='bbox 1169 3911 1242 3960; x_wconf 84' lang='lat' dir='ltr'>esse</span> 
     </span>
    </p>
   </div>
   <div class='ocr_carea' id='block_1_9' title="bbox 59 3991 1242 4087">
    <p class='ocr_par' dir='ltr' id='par_1_9' title="bbox 59 3991 1242 4087">
     <span class='ocr_line' id='line_1_34' title="bbox 59 3991 1242 4087; baseline 0.006 -27"><span class='ocrx_word' id='word_1_273' title='bbox 59 4076 62 4080; x_wconf 87' lang='lat'>.</span> <span class='ocrx_word' id='word_1_274' title='bbox 178 3991 308 4075; x_wconf 74' lang='lat' dir='ltr'>mgitari</span> <span class='ocrx_word' id='word_1_275' title='bbox 330 3996 461 4075; x_wconf 63' lang='lat' dir='ltr'>pressi„</span> <span class='ocrx_word' id='word_1_276' title='bbox 476 4011 546 4063; x_wconf 85' lang='lat' dir='ltr'>uun</span> <span class='ocrx_word' id='word_1_277' title='bbox 564 3998 613 4061; x_wconf 83' lang='lat' dir='ltr'>est</span> <span class='ocrx_word' id='word_1_278' title='bbox 635 3996 740 4078; x_wconf 86' lang='lat' dir='ltr'>majus</span> <span class='ocrx_word' id='word_1_279' title='bbox 762 3995 1136 4087; x_wconf 58' lang='lat' dir='ltr'>muniensquaersunrp</span> <span class='ocrx_word' id='word_1_280' title='bbox 1151 3999 1242 4073; x_wconf 70' lang='lat' dir='ltr'>sieut</span> 
     </span>
    </p>
   </div>
   <div class='ocr_carea' id='block_1_10' title="bbox 0 0 1346 4546">
    <p class='ocr_par' dir='ltr' id='par_1_10' title="bbox 0 0 1346 4546">
     <span class='ocr_line' id='line_1_35' title="bbox 0 0 1346 4546; baseline 0 1"><span class='ocrx_word' id='word_1_281' title='bbox 0 0 1346 4546; x_wconf 95' lang='lat' dir='ltr'> </span> 
     </span>
    </p>
   </div>
  </div>
 </body>
</html>
