2684 4546
686 246 728 306 46

128 448 141 475 .
174 414 214 485 de
237 431 359 479 summe
381 382 632 477 incommutabili
653 399 772 475 natura
803 408 880 473 nihil
909 414 1017 490 potest
1047 409 1125 490 dici,
1156 372 1243 476 unde

173 517 336 584 mutabilis
357 516 460 597 possit
482 515 626 596 intelligi.

571 791 709 858 CAPUT
733 791 847 857 XXVI.
946 784 950 788 ’

173 929 313 997 Quomodo
330 928 379 983 illa
397 926 512 982 dicenda
529 929 565 982 sit
583 942 643 983 esse
661 928 827 996 substantia3
854 933 882 982 et
900 927 973 994 quod
990 927 1027 982 sit
1044 933 1123 983 extra
1140 943 1245 984 omnem

355 1014 548 1087 substantiam,
566 1021 593 1070 et
611 1015 785 1083 singulariter
802 1015 838 1068 sit
855 1013 985 1082 quioquid
1003 1020 1051 1068 est.

173 1137 393 1207 conspectus
411 1137 551 1206 eapitis.
570 1167 604 1176 -
623 1136 688 1190 Cum
715 1152 819 1190 summa
843 1141 941 1190 natura
963 1134 1063 1190 nullius
1088 1136 1245 1191 mutationis

242 1231 289 1280 aut
306 1223 452 1280 accidentis
471 1225 507 1279 sit
526 1224 723 1293 susceptibilis,
741 1240 796 1278 non
815 1223 915 1277 dicitur
932 1223 1085 1277 substantia
1102 1222 1165 1291 uisi,
1183 1222 1245 1278 sub·

242 1312 343 1366 stantia
368 1310 474 1366 dicatur
500 1328 551 1380 pro
578 1313 708 1366 essentia:
736 1310 783 1365 sed
810 1311 870 1379 ipsa
897 1315 938 1366 est
965 1316 992 1364 et
1020 1317 1098 1365 extra
1116 1315 1145 1365 et
1161 1324 1246 1379 supra

242 1413 347 1452 omnem
366 1396 559 1466 substantiam
588 1398 652 1465 quia
678 1397 739 1466 ipsa
766 1396 823 1452 sola
849 1413 899 1465 per
927 1412 956 1451 se
983 1403 1032 1452 est.
1068 1396 1164 1464 Itaque
1190 1412 1245 1450 nou

244 1483 328 1541 habet
345 1485 399 1540 nisi
418 1500 517 1539 nomen
533 1499 673 1538 commune
691 1498 751 1536 oum
771 1482 911 1537 creaturis.

261 1660 325 1726 Sed
348 1660 503 1724 stratum
528 1657 687 1738 estquod
712 1657 752 1722 de
774 1659 870 1740 hujus
886 1663 1020 1723 naturae
1043 1657 1246 1739 simplicitate

172 1768 378 1846 perspectum
395 1770 461 1844 est,
485 1764 642 1844 quomodo
659 1763 841 1828 substantia
857 1762 931 1828 esti
954 1762 1038 1828 Nam
1054 1780 1125 1827 cnm
1142 1761 1246 1826 omnis

173 1869 355 1934 substantia
372 1855 582 1934 'admixtionis
607 1865 879 1947 differentiarum,
903 1867 953 1933 vel
977 1867 1165 1932 mutationis
1189 1884 1245 1931 ac·

174 1972 346 2039 ridentium
376 1973 420 2037 sit
447 1971 680 2053 susceptibilia,
714 1971 810 2054 hujus
833 1973 1046 2038 immutabilis
1078 1972 1247 2037 sinceritas

173 2079 375 2143 omnimodae
397 2077 603 2156 admixtioni,
639 2077 705 2142 sive
736 2079 904 2142 mutationi
928 2083 977 2142 est
999 2075 1245 2153 inaccessibilis;

172 2182 329 2263 quomodo
343 2200 418 2263 ergo
430 2182 635 2261 obtinebitur,
653 2201 724 2247 eam
741 2200 812 2248 esse
828 2183 1003 2265 quamlibet
1019 2182 1243 2273 substantiam,

173 2287 235 2351 nisi
274 2287 400 2352 dicatur
436 2285 618 2352 substantia
650 2305 709 2368 pro
742 2287 901 2366 essentia,
934 2293 966 2350 et
997 2287 1043 2351 sio
1073 2287 1116 2350 sit
1144 2290 1245 2364 extra,

172 2389 327 2454 sirutest
349 2409 448 2472 supra
471 2410 596 2456 omnem
620 2391 859 2457 substantiam?
881 2391 962 2457 Nam
986 2395 1140 2474 quantum
1164 2389 1245 2454 illud

173 2509 260 2572 esse,
284 2493 370 2574 quod
391 2512 450 2575 per
472 2512 507 2558 se
531 2500 580 2559 est
602 2495 768 2577 quicquid,
801 2500 833 2559 et
863 2494 903 2559 tie
927 2495 1026 2560 nihilo
1051 2493 1129 2559 facit
1151 2511 1245 2559 omne

172 2595 371 2677 aliudesse,
405 2598 566 2666 diversum
590 2606 640 2665 est
662 2600 702 2666 ab
727 2619 764 2665 eo
789 2617 879 2680 esse,
911 2600 997 2680 quod
1019 2618 1077 2680 per
1101 2599 1186 2663 aliud
1209 2596 1246 2663 fit

172 2701 212 2765 de
245 2701 343 2768 nihilo
377 2704 529 2786 quioquid
563 2709 628 2782 est3
664 2710 791 2782 tantum
824 2705 951 2769 omnino
985 2704 1086 2769 distat
1119 2719 1245 2767 summa

171 2806 353 2871 substantia
376 2809 415 2875 ab
439 2809 506 2888 his,
530 2827 613 2890 quae
635 2828 700 2887 non
723 2816 800 2875 sunt
822 2810 907 2874 idem
931 2810 1015 2890 quod
1038 2811 1117 2889 ipsa.
1148 2808 1243 2873 Cum·

173 2925 235 2990 que
258 2911 330 2991 ipsa
352 2911 421 2977 sola
452 2913 590 2977 omnium
622 2917 810 2977 naturarum
841 2912 960 2977 habeat
983 2930 1002 2976 a
1025 2929 1077 2992 se,
1108 2913 1176 2977 sine
1199 2911 1244 2978 al·

171 3014 272 3078 terius
296 3019 429 3082 naturae
453 3017 587 3098 auxilio,
620 3035 690 3083 esse
716 3018 868 3100 quicquid
900 3023 972 3094 esta
998 3019 1155 3100 quomodo
1179 3034 1243 3082 non

75 3189 84 3213 l
171 3125 221 3184 est
243 3120 468 3203 singulariter,
500 3123 622 3204 absque
645 3141 723 3187 suae
747 3129 916 3189 creaturae
947 3123 1124 3201 consortio,
1155 3121 1243 3202 quio·

171 3222 248 3303 quid
271 3224 342 3304 ipsa
363 3226 442 3290 est?
466 3227 562 3292 Unde
584 3227 611 3291 si
634 3229 764 3308 quando
780 3229 825 3294 illi
841 3235 890 3294 est
914 3248 984 3293 eum
1007 3230 1080 3293 aliis
1105 3225 1244 3294 nominis

170 3326 308 3408 alicuius
338 3331 534 3409 communio,
550 3352 554 3359 ·
568 3331 662 3398 valde
695 3333 808 3412 procul
840 3334 936 3399 dubio
959 3331 1171 3413 intelligenda
1194 3333 1245 3394 est

171 3429 300 3496 diversa
322 3433 520 3514 significatio.
608 3442 611 3448 '
