2684 4546
646 264 688 330 62

132 444 248 522 potest,
272 437 348 522 quid
372 438 435 503 duo
459 437 532 503 sint.
565 437 647 500 Nam
672 436 731 499 etsi
756 435 838 500 forte
862 433 924 498 duo
949 450 1045 514 pares
1067 439 1125 499 ont
1148 435 1208 501 ali·

134 544 211 626 quid
235 543 492 609 uliud-similiter
514 541 692 606 adinvicem
724 540 851 620 possint
881 538 958 616 dici,
990 537 1022 601 in
1055 537 1105 603 his
1127 538 1207 620 ipsis

129 648 241 712 'tamen
265 645 409 712 relativis
425 645 452 710 si
469 650 654 728 quaeratur,
679 643 755 725 quid
778 643 820 721 sit
842 642 923 707 illud
943 642 984 725 de
1008 660 1070 723 quo
1095 643 1207 709 dicun·

134 758 204 832 tur,
236 770 300 816 non
323 754 431 831 potest
454 749 515 814 dici
543 748 730 830 pluraliter,
765 745 1033 830 quemadmodum
1056 747 1209 813 (linuntur

135 856 216 920 duae
237 872 334 935 pares
355 854 479 934 lineae,
503 862 559 918 ant
582 854 644 918 duo
668 853 811 916 homines
835 851 964 916 similes.
998 850 1125 933 Quippe
1149 871 1209 919 nec

135 963 211 1023 sunt
235 958 297 1022 duo
321 974 417 1038 pares
440 955 590 1037 spiritus,
622 972 682 1020 nec
712 954 776 1019 dno
807 971 903 1035 pares
935 960 1114 1037 creatores,
1150 975 1209 1022 nec

135 1062 198 1126 duo
224 1048 369 1144 aliquid,
405 1061 490 1144 quod
521 1059 678 1142 significet
711 1076 821 1123 eorum
856 1064 912 1123 aut
947 1061 1118 1126 essentiam
1152 1065 1210 1126 ant

134 1165 353 1232 habitudinem
377 1166 418 1230 nd
444 1170 641 1245 creaturam;
673 1163 731 1228 sed
763 1183 823 1229 neo
854 1162 916 1227 duo
949 1161 1088 1246 aliquid,
1123 1165 1209 1245 quod

136 1270 285 1349 designet
306 1270 469 1351 propriam
492 1267 712 1334 habitudinem
738 1267 872 1330 alterius
897 1266 938 1329 ad
962 1265 1109 1348 alterurn,
1132 1267 1210 1353 quia

136 1375 195 1441 neo
229 1375 292 1439 duo
326 1375 441 1455 uerba,
477 1391 537 1439 nec
570 1374 653 1437 duae
687 1371 851 1452 imagines.
898 1368 1039 1435 Verbum
1070 1389 1210 1454 namque

135 1478 197 1544 hoo
218 1479 323 1560 ipsum
347 1477 432 1560 quod
449 1477 590 1542 Verbum
618 1481 667 1540 est
694 1480 749 1541 ant
771 1476 896 1555 imago,
917 1475 959 1540 ad
981 1475 1119 1540 alterum
1142 1467 1215 1554 est;=

136 1584 298 1666 quianon
322 1582 383 1646 nisi
407 1580 543 1662 alicujus
558 1579 701 1645 Verbum
722 1583 772 1643 est
795 1583 852 1642 aut
873 1577 995 1657 imago;
1020 1584 1052 1643 et
1075 1579 1120 1644 sio
1136 1598 1210 1660 pro·

135 1687 207 1768 pria
229 1690 307 1750 sunt
328 1683 408 1750 haec
431 1684 581 1765 altaripa,
603 1688 640 1748 nt
663 1701 865 1767 nequaquam
890 1683 983 1747 alteri
1008 1688 1209 1764 coaptentur.

135 1789 216 1856 Nam
248 1789 321 1870 ille,
355 1790 446 1873 cujus
469 1795 519 1855 est
541 1787 689 1854 Verbum
706 1792 763 1853 out
783 1789 908 1867 imago,
933 1805 992 1852 neo
1014 1789 1119 1868 imago
1150 1806 1212 1853 neo

135 1892 279 1960 Verbum
311 1900 371 1962 est.
416 1894 553 1960 Constat
575 1895 698 1977 igitur,
729 1895 804 1977 quia
827 1893 961 1975 exprimi
994 1912 1059 1960 non
1089 1899 1210 1976 potest,

137 2000 214 2084 quid
237 1997 300 2064 duo
325 2000 405 2082 sint,
429 2017 571 2065 summus
595 2000 727 2081 spiritns
743 2003 777 2063 et
793 1997 933 2064 Verbum
950 1998 1040 2079 ejns;
1063 1998 1211 2081 quamvis

136 2101 327 2188 quibusdam
350 2103 546 2182 singulorum
575 2101 827 2186 proprietatibus
859 2108 1015 2184 coguntur
1038 2120 1110 2167 esse
1135 2104 1209 2168 duo.

135 2206 264 2274 Etenim
285 2207 452 2291 proprium
474 2208 570 2272 unius
594 2213 659 2288 est,
683 2223 754 2272 esse
779 2224 818 2274 ex
840 2208 957 2288 altero,
990 2213 1023 2272 et
1043 2207 1211 2288 proprium

136 2319 187 2379 est
209 2308 365 2394 alterins,
388 2312 525 2378 alterum
548 2330 619 2379 esse
643 2330 682 2378 ex
704 2310 767 2378 illo.

516 2605 656 2674 cnPUT
680 2607 830 2673 XXXIX.

268 2743 346 2813 Quod
362 2743 434 2800 idern
454 2743 575 2802 Verbum
592 2743 629 2799 nit
647 2758 664 2798 a
681 2745 784 2797 summo
801 2742 916 2812 spiritu,
934 2742 1077 2800 nasoendo.

139 2866 359 2938 Conspectus
383 2869 523 2938 eapitis.
543 2897 577 2908 -
596 2868 716 2922 Verbum
742 2868 839 2923 summi
865 2868 982 2937 Spiritus
1001 2867 1039 2922 sio
1058 2882 1142 2923 exeo
1161 2873 1209 2937 est,

207 2957 284 3026 quasi
301 2954 480 3026 idemipsum
497 2956 531 3011 de
549 2955 643 3012 eodem
660 2956 728 3023 ipso.
764 2954 802 3009 Et
818 2955 858 3010 ita
874 2955 1022 3024 perfectam
1041 2955 1114 3024 ejus,
1133 2954 1210 3023 quasi

206 3044 298 3113 proler
315 3044 449 3114 parentis,
477 3049 554 3099 tenet
576 3041 788 3099 similitudinem.
822 3043 899 3110 Ergo
924 3060 978 3099 non
1003 3043 1210 3099 convenientius

206 3131 320 3198 eogitari
343 3130 442 3200 potest'
456 3145 490 3185 ex
513 3130 560 3184 illo
586 3144 657 3198 esee,
677 3145 759 3198 qnam
783 3129 927 3185 nascendo.
964 3130 1002 3184 Et
1019 3129 1129 3198 quidem
1146 3145 1211 3184 eon·

206 3218 346 3284 pruentius
364 3218 398 3271 de
422 3217 469 3271 illo
493 3217 566 3271 nasei
591 3216 707 3286 dieitur3
729 3234 810 3286 qnam
833 3216 1063 3287 multa-dieantur
1080 3217 1160 3272 nasei
1175 3216 1210 3273 de

207 3301 297 3370 aliquo
315 3319 332 3357 a
352 3288 406 3371 (sto
423 3300 527 3363 habent
543 3309 574 3357 ut
593 3304 660 3371 sint,
679 3302 726 3357 sed
744 3318 805 3357 oum
823 3318 875 3370 quo
895 3303 998 3358 nnllam
1016 3302 1118 3359 habent
1136 3302 1210 3360 simi·

150 3434 153 3439 .
206 3389 363 3445 litudinem:
380 3395 412 3444 nt
429 3389 531 3460 capilli,
549 3390 596 3459 qui
614 3387 647 3444 de
666 3389 754 3460 eapite
773 3380 847 3445 nasei
865 3389 1001 3447 dicuutur.

227 3564 319 3645 Quod
341 3566 445 3646 ipsum
469 3564 557 3631 nullo
589 3565 700 3648 utique
729 3566 829 3632 verbo
863 3567 997 3632 uidetur.
1021 3565 1211 3633 familiarius

138 3686 234 3752 porse
249 3663 409 3754 proferri,
432 3670 566 3752 quamsi
584 3671 718 3753 dicatur,
734 3673 899 3753 proprium
914 3689 986 3737 esse
1002 3671 1098 3735 unius
1121 3671 1211 3736 nasei

28 3799 32 3805 ·
140 3793 180 3839 ex
202 3775 320 3854 altero;
344 3779 375 3839 et
397 3775 561 3856 proprium
587 3776 737 3857 alterius,
771 3778 861 3842 nasei
894 3775 1031 3839 alterurn
1062 3794 1101 3839 ex
1131 3763 1211 3856 ipso.

140 3879 269 3945 Certum
280 3897 418 3961 namque
427 3880 495 3962 jam
507 3881 867 3964 constat‚qniaVerbum
878 3878 1133 3959 summispiritus
1145 3888 1211 3944 non
1226 3935 1233 3942 .

140 3981 186 4049 sic
208 3989 259 4050 ent
283 4001 322 4050 en
345 4002 400 4068 eo,
424 3986 693 4069 quemadmodum
719 4005 767 4068 oo,
781 4002 864 4068 quoe
880 3984 921 4050 ab
936 3983 992 4050 illo
1007 3982 1095 4051 faeta
1117 3990 1211 4063 annt3
1290 3992 1291 3997 ’
