2684 4546
625 279 691 353 124

553 519 692 590 CAPUT
711 522 800 592 XXI.

130 659 175 718 An
199 660 252 717 hoe
276 660 314 716 sit
340 660 478 718 saeculum
505 659 624 728 saeculi„
650 661 708 717 sive
736 660 846 719 saecula
873 660 1046 719 saeculorum,
1073 693 1112 706 -
1141 663 1194 723 Dei

201 748 349 805 aeternitas
367 749 488 805 eontinet
506 749 566 820 ipsa
578 747 687 806 saecula
698 754 865 821 temporum:
883 756 911 806 et
927 749 980 808 diei
996 757 1085 822 potest
1101 768 1195 811 saecu·

201 835 259 892 lum
278 838 394 910 saeculi,
412 837 469 894 sive
489 837 596 894 saecula
613 836 787 894 saeculorum.
1163 840 1166 843 ’

111 1076 114 1085 .
219 1016 270 1080 An
293 1032 368 1097 ergo
390 1015 451 1080 hoc
474 1018 524 1081 est
547 1013 710 1080 saeculum
725 1011 860 1094 saeculi,
884 1014 951 1081 sive
973 1015 1104 1084 saecula
1124 1034 1196 1083 sas·

132 1120 298 1186 culorum?
321 1120 410 1187 Sicut
433 1120 516 1186 enim
540 1119 704 1186 saeculum
726 1123 904 1201 temporum
928 1120 1070 1186 eontinet
1091 1120 1198 1189 omnia

130 1223 335 1305 temporalia
358 1216 403 1292 sia
425 1230 482 1291 tna
505 1226 679 1292 aeternitas
695 1225 836 1292 eonnnet
858 1225 954 1291 etiam
975 1226 1046 1308 ipsa
1069 1228 1199 1294 saecula

131 1333 321 1412 temporum.
368 1332 456 1411 Quae
487 1331 649 1398 saeculum
678 1331 806 1415 quidem
834 1335 901 1412 est,
929 1335 1061 1427 propter
1082 1331 1198 1399 indivi-

22 1472 26 1477 -
133 1435 254 1502 sibilem
277 1437 451 1517 unitatem
486 1438 614 1504 saecula
646 1456 741 1518 vern,
774 1442 907 1519 propter
928 1437 1198 1505 interminabilem

17 1544 22 1569 ¹
132 1542 389 1609 immensitatem.
434 1545 476 1610 Et
498 1542 642 1627 quamvis
666 1543 712 1608 ita
734 1542 778 1609 sis
796 1528 954 1624 magnus,
984 1542 1137 1624 Domine,
1161 1548 1198 1608 ut

133 1647 240 1712 omnia
263 1648 328 1713 sint
358 1654 390 1714 te
418 1647 530 1731 piena,
564 1653 596 1714 et
625 1649 690 1714 sint
719 1649 753 1714 in
783 1653 835 1728 te;
866 1648 912 1716 sia
939 1653 1047 1716 tamen
1071 1649 1198 1716 essina

133 1753 220 1819 omni
250 1755 374 1835 spatia,
404 1760 441 1822 ut
473 1774 531 1823 nec
562 1754 719 1836 medium,
751 1773 811 1822 nec
840 1754 1022 1836 dimidium,
1051 1772 1111 1821 nec
1131 1752 1200 1820 ulla

132 1875 209 1940 pars
232 1858 329 1926 sitin
352 1864 394 1926 te.

531 2054 668 2122 CAPUT
689 2052 794 2121 XXII.

133 2188 210 2258 Quod
234 2189 307 2246 solus
330 2191 367 2246 sit
391 2192 463 2262 quad
486 2198 541 2264 est,
569 2197 597 2251 at
616 2193 663 2263 qui
681 2198 731 2250 est.
760 2223 790 2234 ·-
819 2190 916 2247 Omnia
933 2191 991 2247 Dan
1008 2189 1145 2262 indigent,
1169 2195 1201 2246 nt

200 2278 270 2348 sint,
288 2283 318 2335 at
335 2284 366 2336 nt
382 2279 452 2336 bens
468 2280 532 2337 sint.

220 2455 270 2521 Τιι
292 2454 379 2522 solus
411 2473 502 2539 ergo,
533 2454 686 2537 Domine,
720 2472 755 2522 es
778 2453 864 2539 qnod
886 2471 937 2533 es;
972 2457 1005 2520 et
1027 2457 1064 2520 tu
1085 2471 1119 2520 es
1142 2454 1199 2538 qui

134 2579 178 2628 es.
222 2562 303 2628 Nam
327 2562 412 2646 quod
435 2560 522 2628 aliud
557 2565 606 2628 est
635 2562 678 2627 in
699 2565 786 2642 tato,
818 2563 851 2626 et
880 2559 968 2626 aliud
989 2559 1023 2625 in
1046 2559 1201 2642 partibus,

134 2672 167 2733 et
189 2667 222 2733 in
246 2687 308 2751 quo
331 2667 451 2753 aiiquid
467 2673 514 2736 est
530 2668 702 2750 mutabile,
725 2686 787 2735 non
811 2667 939 2733 omnino
962 2670 1012 2733 est
1034 2666 1120 2749 quod
1142 2671 1200 2733 est

133 2772 177 2839 Et
198 2773 284 2856 quod
298 2773 439 2857 incoepit
453 2791 473 2839 a
488 2793 553 2839 non
576 2791 662 2855 esse,
686 2777 720 2841 et
740 2778 848 2856 potest
870 2772 1003 2854 eogitari
1025 2790 1090 2839 non
1113 2788 1198 2851 esse3

19 2942 22 2949 .
135 2882 168 2944 et
191 2878 252 2943 nisi
272 2896 332 2960 per
353 2878 443 2945 aliud
472 2877 644 2960 subsistat,
678 2879 763 2945 redit
783 2878 817 2943 in
842 2895 1018 2944 nonense:
1052 2883 1084 2946 et
1115 2877 1200 2963 quon

133 2983 233 3051 habet
254 2982 371 3067 fuisse,
394 2986 479 3069 quod
499 2987 566 3069 jam
591 3003 655 3052 non
680 2989 745 3065 est3
775 2988 808 3051 et
829 2983 973 3049 futurum
996 3000 1084 3065 esse,
1115 2983 1201 3067 quod
1288 3071 1290 3075 Ι

134 3092 275 3156 nondum
308 3097 372 3173 est,
404 3092 439 3158 id
469 3110 534 3159 non
557 3095 608 3157 est
627 3090 757 3173 proprie
788 3093 822 3156 et
854 3090 1007 3156 absolute.
1052 3087 1102 3155 Τιι
1124 3107 1199 3156 vero

38 3233 40 3239 ·
71 3194 73 3200 ’
135 3215 170 3263 es
192 3196 277 3280 quod
305 3215 358 3278 es,
390 3197 465 3279 qnia
494 3195 643 3281 quicquid
676 3194 867 3280 aliquanda,
899 3199 956 3260 aut
979 3193 1198 3277 aliquomodo

135 3318 188 3380 es,
220 3300 280 3365 hoa
313 3305 400 3368 totus
424 3307 456 3368 et
478 3319 605 3383 semper
638 3319 682 3367 es.
726 3302 770 3367 Et
799 3306 836 3366 tu
866 3318 901 3367 es
932 3301 988 3385 qui
1007 3299 1145 3385 ‚proprie
1167 3302 1200 3366 et

136 3405 321 3487 simpliciter
342 3425 396 3486 es;
419 3407 495 3491 quia
518 3425 577 3474 nec
599 3405 698 3473 habes
721 3403 841 3486 fuisse,
865 3409 921 3471 aut
943 3404 1087 3472 futurum
1111 3423 1200 3486 esse3

136 3513 193 3579 sed
213 3514 337 3585 tantum
360 3531 514 3593 praesens
546 3530 632 3594 esse,
663 3529 723 3579 nee
750 3515 843 3594 potes
867 3510 999 3594 cogitari
1027 3511 1200 3596 aliquando

136 3634 200 3683 non
225 3634 304 3683 esse.
349 3617 414 3684 Sed
436 3619 556 3685 atrita
578 3636 631 3699 es,
661 3622 695 3684 et
715 3616 786 3698 lux,
819 3620 851 3683 et
872 3616 1047 3698 sapientia,
1071 3621 1104 3682 et
1125 3617 1201 3684 bea·

136 3721 258 3805 titudo,
281 3727 315 3790 et
336 3724 530 3817 aeternitas,
554 3728 586 3789 et
601 3723 703 3791 multa
716 3722 899 3807 hujnsmodi
913 3723 1013 3801 bona;
1038 3725 1071 3788 et
1092 3726 1201 3790 tamen

137 3847 202 3896 non
224 3847 259 3896 as
283 3830 344 3895 nisi
365 3849 465 3896 unum
487 3836 521 3899 et
548 3848 709 3897 summum
741 3831 877 3910 bonum,
914 3831 951 3892 tu
983 3825 1042 3892 tibi
1070 3829 1200 3897 omnino

137 3931 315 4016 sufficiens,
338 3940 371 4001 et
393 3936 480 4004 nullo
501 3936 666 4020 indigeam
688 3935 869 4021 quaomnia
889 3932 1045 4016 indigent,
1067 3940 1105 4002 ut
1126 3934 1201 4016 sint,

24 4098 30 4107 ,
138 4043 172 4107 et
192 4043 230 4105 ut
250 4039 333 4109 bene
355 4041 429 4109 sint
