2684 4546
680 254 744 317 144

150 408 153 417 ¹
177 423 275 505 illud,
300 423 385 507 quod
408 423 571 502 dicebam3
603 422 700 488 miror
722 421 798 505 quid
820 422 871 489 hic
892 387 1022 489 sensisti
1044 430 1156 493 contra
1177 446 1237 508 me,
1283 442 1289 467 ·

177 527 308 594 dubium
330 528 468 610 probare
484 527 662 606 volentem3
685 528 735 594 oui
757 529 893 610 primum
917 527 978 595 hoc
999 529 1078 595 satis
1098 537 1178 612 erat,
1201 537 1238 599 ut

176 630 319 715 quolibet
326 632 418 698 modo
425 631 505 697 illud
515 632 650 712 intelligi
661 636 694 697 et
709 648 779 697 esse
793 632 827 697 in
841 632 1003 699 intellectu
1018 634 1236 702 ostenderem:

177 742 334 820 quatenus
347 740 580 819 consequenter
595 735 860 816 consideraretur,
878 741 985 802 utrum
1008 744 1095 804 esset
1115 739 1147 803 in
1169 739 1235 806 solo

119 861 128 868 ’
175 841 357 920 intellectu,
387 841 473 906 velut
494 838 593 918 felsa3
627 857 668 904 an
702 840 795 904 etin
827 859 878 920 re,
912 845 949 905 ut
975 859 1061 906 vera.
1105 843 1188 909 Nam
1209 845 1237 910 si

175 944 258 1012 falsa
280 950 313 1011 et
335 944 432 1010 dubia
452 944 511 1010 hoc
529 925 626 1009 'modo
657 944 899 1025 intelliguntur,
930 950 962 1010 et
991 952 1068 1013 sunt
1088 949 1122 1013 in
1145 948 1239 1014 intel·

174 1051 279 1129 lectu3
310 1050 400 1133 quia,
424 1067 493 1115 oum
518 1048 682 1130 dicuntur,
707 1049 840 1116 audiens
862 1050 1011 1134 intelligit
1032 1052 1110 1136 quid
1132 1053 1240 1119 dicens

122 1179 125 1185 ¹
175 1153 345 1238 significet:
380 1152 456 1219 nihil
483 1152 650 1235 prohibet,
682 1155 765 1238 quod
789 1155 853 1220 dixi
874 1154 1025 1237 intelligi,
1060 1161 1092 1229 et
1114 1175 1185 1224 esse
1205 1158 1240 1224 in

174 1259 345 1327 intellectu.
391 1259 554 1338 Quomodo
589 1262 695 1324 autem
720 1259 781 1325 sibi
814 1260 1005 1325 conveniant
1038 1261 1122 1344 quod
1152 1262 1240 1344 dicis,

176 1365 252 1450 quia
275 1364 358 1430 falsa
381 1363 508 1430 dicente
524 1363 648 1447 aliquo,
673 1381 879 1448 quaecunque
893 1363 948 1430 ille
965 1364 1100 1447 diceret,
1122 1366 1240 1432 intelli·

175 1489 284 1554 geres:
322 1475 355 1535 et
385 1469 460 1553 quia
490 1468 569 1534 illud
601 1468 685 1552 quod
716 1473 765 1535 est
794 1488 858 1534 non
882 1489 918 1535 eo
941 1469 1033 1536 modo
1057 1488 1119 1553 quo
1143 1471 1239 1536 etiam

175 1574 259 1647 falsa
280 1564 440 1641 habentur
461 1574 496 1639 in
520 1574 728 1655 cogitatione,
760 1593 824 1640 uon
855 1574 969 1642 diceris
991 1575 1135 1641 auditum
1158 1577 1241 1659 cogi·

174 1686 262 1761 tare,
286 1679 397 1745 autin
421 1677 613 1760 cogitatione
635 1677 770 1762 habere3
794 1679 869 1763 quin
891 1679 1027 1760 scilieet,
1050 1699 1115 1746 non
1136 1681 1240 1762 possis

174 1785 235 1852 hoc
266 1782 359 1849 aliter
392 1783 545 1864 cogitare,
582 1783 644 1849 nisi
685 1783 908 1865 intelligendo,
941 1784 974 1850 id
1006 1789 1072 1866 est,
1107 1786 1241 1855 scicntia

175 1888 472 1972 comprehendendo
488 1888 594 1971 reipsa
608 1888 687 1954 illud
715 1889 874 1954 existere?
897 1889 1077 1970 Quomodo,
1100 1890 1240 1975 inquam,

176 1993 383 2073 conveniant,
415 1998 447 2058 et
468 1991 551 2058 falsa
573 1992 727 2073 intelligi3
758 1999 792 2060 et
813 1993 992 2076 intelligere
1015 2013 1085 2061 esse
1108 1994 1241 2061 scientia

176 2097 444 2181 comprehendere
466 2098 605 2164 existere
627 2097 765 2182 aliquid:
801 2098 879 2164 nihil
902 2099 943 2164 ad
964 2118 1033 2180 me,
1056 2103 1091 2164 tu
1113 2099 1239 2165 videris·

176 2204 268 2284 Quod
292 2203 319 2269 si
342 2207 374 2268 et
396 2200 479 2269 falsa
495 2204 709 2293 aliquomodo
725 2204 963 2285 intelliguntur3
987 2208 1019 2269 et
1041 2221 1104 2269 non
1127 2204 1238 2285 omnis,
1299 2235 1301 2239 ·

55 2293 66 2312 '
176 2309 233 2392 sed
263 2309 428 2391 cujusdam
458 2308 641 2375 intellectus
672 2314 721 2389 est
752 2307 831 2375 haee
860 2307 1022 2387 diffiniti03
1052 2326 1116 2373 non
1147 2308 1241 2374 debui

176 2414 385 2496 reprehendi,
410 2415 485 2497 quia
508 2414 572 2480 dixi
594 2433 657 2499 quo
690 2414 793 2497 majus
828 2415 961 2496 cogitari
984 2433 1047 2480 non
1070 2413 1171 2495 possit
1192 2414 1241 2479 in·

177 2518 295 2600 telligi,
333 2521 365 2584 et
400 2518 434 2584 in
465 2518 631 2585 intellectu
665 2537 753 2599 esse3
788 2520 882 2587 etiam
917 2525 1087 2604 antequam
1121 2522 1242 2586 certum

177 2626 278 2705 esset,
300 2623 409 2705 reipsa
428 2623 508 2690 illud
529 2624 675 2692 existere.

590 2868 728 2936 CAPUT
750 2867 819 2935 vll.

178 3006 278 3065 Contra
296 3005 396 3064 dictum
414 3004 488 3063 aliud
505 3006 654 3064 adversarii
671 3006 787 3064 ibidem:
810 3020 906 3076 nempe
929 3003 1002 3076 quod
1020 3021 1151 3061 summum
1168 3020 1242 3074 mag·

249 3112 313 3151 num
333 3111 417 3166 aeque
436 3094 521 3164 possit
538 3093 644 3164 concipi
663 3111 717 3151 non
734 3111 809 3167 esse3
827 3110 859 3151 ae
875 3095 949 3151 Deus
967 3093 1001 3149 ab
1019 3094 1162 3164 insipiente
1179 3108 1241 3148 con·

247 3185 353 3254 cipitur.

266 3357 389 3423 Deinde
413 3359 497 3440 quod
519 3358 596 3424 dicis
625 3355 678 3424 vix
708 3374 848 3441 unquam
870 3376 966 3440 posse
988 3377 1059 3427 esse
1082 3359 1241 3447 credibile,

179 3482 250 3532 cum
274 3462 390 3529 dictum
414 3466 446 3528 et
469 3462 612 3529 auditum
634 3461 748 3543 inerit,
777 3460 865 3529 istud
886 3482 950 3530 non
974 3484 1010 3532 eo
1033 3466 1125 3533 modo
1148 3482 1242 3547 posse

180 3569 312 3650 cogitari
341 3587 405 3635 nou
435 3587 522 3652 esse,
555 3589 616 3655 qno
649 3568 744 3636 etiam
777 3574 883 3651 potest
914 3571 1047 3652 cogitari
1077 3590 1141 3637 nou
1171 3586 1241 3634 esse

178 3675 286 3741 Deus:
319 3675 537 3756 respondeant
566 3693 625 3756 pro
655 3692 720 3753 me,
751 3672 806 3758 qui
837 3674 887 3740 vel
916 3693 1048 3757 parvam
1078 3673 1242 3741 scientiam

180 3779 365 3861 disputandi
388 3772 698 3864 argumentandique
721 3780 905 3860 attigerunt.
949 3783 997 3846 An
1029 3778 1114 3844 enim
1145 3762 1243 3846 ratio-

179 3885 286 3952 nabile
317 3892 382 3967 est,
409 3891 446 3952 ut
472 3885 590 3953 idcirco
613 3889 711 3967 neget
732 3885 847 3970 aliquis
869 3883 952 3969 quod
973 3882 1136 3964 intelligit;
1169 3885 1243 3970 quia

180 4006 253 4056 esse
275 3990 399 4073 dicitur,
421 3991 455 4057 id
477 3989 562 4076 quod
582 3989 655 4058 ideo
677 3997 792 4075 negat,
815 3991 889 4076 qnia
903 3989 1154 4074 nonintelhgit?
1178 3991 1242 4056 Aut
