2684 4546
657 223 698 287 dd

136 410 299 463 summum
327 392 476 475 spiritum
505 396 594 465 essct
626 393 783 473 essentia,
818 391 942 460 nullom
974 397 1103 467 omnino
1125 405 1212 469 esset

134 498 275 567 verbnm·
295 496 329 563 in
359 496 433 576 illo;
466 495 494 562 si
523 495 648 561 nullum
678 497 712 562 in
744 497 800 563 illo
831 498 965 564 verbum
995 506 1100 583 esset,
1132 503 1209 570 nihil

133 602 224 687 apud
246 618 282 668 se
307 602 448 693 dioecete
473 601 500 666 11
530 601 608 668 nihil
631 602 716 683 apud
741 619 775 667 se
799 601 934 683 diceret,
965 622 1036 671 cum
1059 605 1145 673 idem
1168 608 1211 674 sit

133 711 200 792 illi,
233 710 280 776 sic
309 709 416 777 dicere
447 708 569 791 aliquid
592 709 678 793 quod
701 712 752 775 est
773 708 971 790 intelligere,
1002 728 1067 777 non
1090 708 1210 794 aliquid

133 815 352 896 intelligerem
384 813 411 879 si
442 811 520 877 nihil
544 811 754 892 intelligeret,
787 828 863 893 orgo
893 830 1018 879 summa
1040 815 1209 897 sapientia,

135 939 221 1004 quae
244 939 310 984 non
334 923 384 984 est
406 917 494 983 aliud
509 935 605 1000 quam
628 918 714 983 idem
729 918 879 1000 spiritus,
903 918 982 984 nihil
997 919 1209 1001 intelligeret:
1282 997 1289 1007 x

137 1025 223 1109 qnod
248 1023 513 1090 absurdissimum
537 1029 596 1088 111.
641 1022 725 1101 Quid
748 1023 868 1104 igitur?
898 1024 932 1090 Si
954 1025 1039 1105 enim
1063 1026 1141 1092 nihil
1162 1027 1210 1091 in·

137 1130 320 1213 telligeret,
344 1128 501 1211 quomodo
524 1131 612 1194 11111
634 1145 757 1194 summa
773 1128 959 1210 sapientiai
983 1130 1050 1195 Aut
1071 1129 1098 1195 11
1122 1130 1210 1197 nullo

75 1249 78 1253 ·
134 1235 230 1303 modo
253 1236 340 1301 esset
361 1231 482 1316 aliquid
502 1236 634 1315 praeter
662 1231 767 1311 illam,
800 1232 877 1314 quid
907 1233 964 1298 illa
992 1233 1209 1319 intelligeret?

69 1398 72 1403 .
135 1338 201 1406 Sed
225 1336 381 1421 numquid
403 1335 541 1417 seipsam
567 1354 631 1401 non
653 1334 876 1415 intelligeret?
915 1337 959 1400 At
977 1339 1136 1418 quomodo
1159 1338 1208 1404 vel

135 1443 270 1523 cogitari
290 1445 416 1523 potest,
439 1439 529 1521 quod
547 1457 672 1506 summa
703 1440 864 1522 sapientia
886 1457 922 1506 se
945 1438 1117 1523 aliquando
1141 1460 1206 1508 non

135 1547 310 1629 intelligam
344 1564 416 1611 cum
437 1562 529 1610 mens
552 1544 718 1611 rationalis
740 1546 843 1627 possit
867 1564 931 1611 non
956 1544 1059 1611 solum
1082 1544 1209 1626 suimet,

136 1650 196 1718 sed
218 1655 252 1715 11
271 1650 359 1715 illius
381 1667 525 1714 summae
555 1649 745 1729 sapientiae
764 1650 942 1728 reminisci;
975 1657 1007 1716 et
1037 1649 1143 1729 illam,
1177 1656 1210 1718 et

137 1775 173 1825 so
193 1755 400 1836 intelligere?
439 1753 473 1820 Si
503 1753 589 1819 enim
619 1748 710 1819 mens
739 1752 881 1819 humana
912 1755 1034 1821 nullam
1057 1755 1128 1838 ejus
1151 1759 1209 1820 aut

138 1861 186 1928 sui
207 1861 328 1927 habere
350 1859 535 1926 memoriam
566 1863 624 1924 ant
653 1859 898 1942 intelligentiam
927 1865 1055 1942 posset,
1087 1879 1207 1945 nequa·

138 1983 233 2048 qnam
264 1981 299 2028 11
328 1951 368 2028 ab
398 1962 640 2030 irrationalibus
674 1964 846 2045 creatur-is,
880 1968 914 2028 et
944 1963 1033 2041 illam
1056 1964 1097 2030 ab
1121 1964 1208 2031 omni

138 2072 302 2145 creatura,
325 2085 434 2133 seeum
456 2066 526 2132 sola
548 2065 645 2132 tacite
667 2067 879 2148 disputando,
903 2068 987 2135 sicut
1007 2087 1094 2135 nunc
1115 2087 1207 2136 mens

115 2191 208 2259 ⁴mea
229 2171 325 2252 facit,
350 2171 557 2238 discerneret.
602 2171 687 2251 Ergo
711 2188 853 2236 summus
875 2171 930 2236 ille
953 2172 1101 2252 spiritus,
1124 2173 1208 2238 sicut

137 2263 192 2344 estx
208 2285 374 2351 aeternus,
403 2275 449 2341 ita
471 2280 603 2340 aeterne
626 2273 676 2338 sui
700 2291 820 2338 memor
843 2277 912 2353 est,
943 2278 976 2339 et
997 2274 1150 2355 intelligit
1171 2293 1207 2342 se

136 2383 179 2450 ad
201 2381 440 2449 similitudinem
464 2377 581 2445 mentis
604 2376 787 2456 rationalis;
820 2377 915 2445 immo
949 2396 1015 2445 non
1047 2377 1089 2444 ad
1112 2378 1207 2444 ullius

136 2486 391 2564 similitudinem,
426 2483 483 2550 sed
512 2482 566 2550 illo
598 2482 835 2565 principaliter,
870 2487 903 2550 et
924 2502 1016 2551 mens
1039 2484 1206 2553 rationalis

136 2593 177 2658 ad
200 2592 270 2675 ejus
293 2586 545 2656 similitudinem.
576 2588 620 2653 At
635 2587 663 2652 si
679 2591 811 2654 aeterne
825 2605 861 2653 se
882 2588 1049 2670 intelligit,
1073 2592 1207 2654 aeterne

71 2746 76 2757 ,
134 2712 170 2761 11
193 2695 278 2762 dicit.
323 2693 357 2760 Si
385 2697 519 2760 aeterne
549 2710 585 2758 se
615 2691 708 2771 dicit,
739 2696 872 2757 aeterne
901 2697 951 2758 est
972 2690 1113 2757 Verbum
1136 2691 1206 2773 ejus

134 2800 223 2880 apud
251 2800 365 2880 ipsum.
411 2797 486 2864 Sive
518 2797 616 2880 igitur
648 2796 703 2862 ille
737 2795 895 2877 cogitetur
927 2796 1014 2862 nulla
1044 2794 1109 2863 alia
1141 2794 1206 2861 exi·

133 2907 241 2970 1111111
264 2902 423 2982 essentia,
454 2903 522 2969 sire
546 2902 616 2968 aliis
639 2901 868 2980 existentibus,
898 2917 1031 2969 necessa
1053 2905 1104 2968 111
1124 2899 1205 2966 Ver·

133 3008 212 3072 bum
235 3003 321 3069 illius
343 3010 548 3072 coaeternum
570 3007 618 3072 illi
640 3022 712 3070 esse
735 3022 806 3070 cum
830 3004 909 3086 ipso.

254 3257 260 3266 ¹
519 3175 831 3244 obrussam.

222 3312 301 3384 Quod
317 3315 543 3373 consubstantiali
561 3282 617 3372 uno
634 3315 726 3374 Verbo
745 3316 818 3374 dicat
835 3331 880 3389 so,
899 3320 927 3374 et
944 3315 1016 3388 quod
1033 3315 1106 3375 lacit.

134 3437 356 3507 Conspectus
373 3439 514 3507 capitis.
540 3469 573 3482 -
597 3441 730 3512 Verbum,
750 3457 805 3510 quo
822 3442 940 3512 seipsum
958 3455 1079 3499 summus
1095 3443 1208 3514 spiritus

204 3525 284 3595 dicit,
309 3528 353 3578 111
369 3525 490 3594 idipsum
508 3527 583 3596 quod
600 3543 720 3583 summus
737 3529 863 3598 spiritus,
888 3535 920 3584 ut
938 3545 1023 3599 supra
1040 3529 1205 3584 demonstra·

205 3618 264 3669 tum
281 3616 332 3667 est
367 3611 488 3666 Verbum
512 3599 607 3682 etiam,
634 3630 688 3683 quo
716 3614 782 3670 dicit
808 3631 840 3670 ea
866 3632 936 3685 quae
963 3617 1037 3671 facta
1061 3619 1140 3684 sunt,
1165 3619 1207 3668 111

108 3770 110 3776 Ι
204 3698 263 3769 ipse
282 3698 403 3755 suminus
430 3698 556 3767 spiritus,
583 3704 615 3753 ut
640 3702 853 3769 supratpariter
878 3708 920 3758 est
943 3702 1095 3773 probatum.
1131 3698 1206 3769 Ergo

203 3801 287 3840 unum
305 3791 346 3842 111
363 3786 414 3842 sibi
433 3784 661 3842 consubstantiale
678 3785 806 3856 Verbum,
833 3805 887 3858 qno
905 3799 1025 3844 summus
1043 3785 1156 3854 spiritus
1174 3800 1205 3843 so

203 3872 280 3941 dicit,
311 3879 339 3928 et
365 3888 418 3944 qno
442 3887 475 3929 aa
498 3869 565 3927 dicit
582 3885 652 3939 quae
669 3871 743 3927 lacit.
778 3875 925 3930 Praeterea
942 3871 1077 3942 Verbum,
1104 3886 1159 3940 qno
1175 3888 1206 3930 11

203 3959 272 4018 dicit
296 3974 401 4018 summa
427 3960 576 4034 sapientia,
608 3959 861 4021 conuenientium
886 3961 941 4019 dici
965 3964 1057 4032 potest
1085 3959 1206 4021 Verbum
