2684 4546
635 241 695 305 120

131 420 197 483 tua.
242 414 372 495 Quanta
393 428 532 493 namque
565 413 615 478 est
643 412 699 477 lux
730 413 801 499 illa,
831 410 874 479 de
902 429 967 495 qua
986 411 1083 478 micat
1102 429 1199 479 omno

132 539 260 600 verum,
284 518 369 602 quod
392 517 542 583 rationali
563 517 663 583 menti
684 517 796 591 lucet?
819 518 921 599 Quam
944 517 1051 601 ampla
1073 521 1123 584 est
1144 517 1201 584 illa

132 626 269 706 veritas,
291 625 325 690 in
349 643 412 709 qua
435 630 484 690 est
500 642 594 688 omne
609 624 694 705 quod
709 642 821 690 verum
837 617 912 702 ⁴est;
936 627 968 689 et
989 627 1081 691 extra
1102 641 1201 706 quam

133 730 263 796 nonnisi
286 729 364 795 nihil
396 733 429 795 et
460 727 577 794 falsum
601 729 676 794 est?
716 730 818 809 Quam
840 730 998 795 immensa
1020 734 1084 810 est,
1116 747 1201 812 quae

133 855 197 903 nno
220 835 338 901 intuitu
361 835 450 901 videt
479 852 689 918 quaecunque
719 833 806 907 iacta
835 840 926 917 sunt,
960 840 992 901 et
1013 854 1033 900 a
1056 852 1136 917 quo,
1167 837 1199 899 et

133 960 192 1024 per
215 960 325 1025 quem,
349 945 381 1007 ct
402 941 561 1024 quomodo
584 940 625 1007 de
649 941 747 1007 nihilo
770 939 982 1007 factasunt?
1006 939 1091 1020 Quid
1111 939 1200 1022 puri·

72 1058 74 1063 '
133 1047 227 1126 tatis,
257 1046 333 1128 quid
356 1045 583 1129 simplicitatis,
615 1045 692 1128 qnid
716 1045 932 1127 certitudinis,
966 1050 998 1111 et
1020 1045 1201 1127 splendoris

134 1152 179 1217 ibi
202 1150 273 1216 esti
296 1149 392 1217 Certe
413 1151 486 1234 plus
509 1169 605 1235 quam
628 1169 648 1215 a
672 1155 818 1218 creatura
839 1150 946 1216 valeat
967 1148 1112 1229 intelligi

527 1307 530 1311 ‘
552 1359 692 1428 CAPUT
714 1361 783 1428 XV.

373 1501 450 1570 Quod
467 1500 553 1571 major
570 1501 618 1571 sit,
636 1516 717 1569 quam
735 1500 848 1570 cogitari
865 1501 958 1571 poscit

222 1678 323 1759 Ergo,
356 1677 510 1758 Domine,
546 1696 610 1743 non
641 1676 744 1744 solum
777 1695 811 1744 es
841 1697 904 1760 quo
935 1679 1039 1761 majus
1070 1676 1202 1758 cogitari

137 1782 264 1865 nequit;
303 1782 361 1848 sed
394 1800 429 1848 cs
463 1783 615 1866 quiddam
652 1786 756 1869 majus
773 1803 776 1807 ’
791 1790 891 1866 quam'
920 1782 1053 1867 cogitari
1089 1782 1203 1865 possit.

137 1886 294 1966 Quoniam
318 1907 454 1973 namque
476 1889 564 1956 valet
590 1890 725 1970 cogitari
745 1885 827 1956 'esse
859 1889 978 1973 aliquid
1000 1888 1204 1972 huiusmodi3

137 1991 164 2057 si
188 1996 223 2056 tu
245 1990 309 2058 non
333 2010 368 2058 cs
390 1993 450 2060 hoc
471 1995 591 2076 ipsum,
612 2000 722 2078 potest
736 1995 868 2078 cogitari
883 1995 1004 2079 aliquid
1026 1995 1132 2077 maJus
1153 1997 1203 2061 te:

139 2095 223 2180 quod
245 2095 315 2164 fieri
338 2099 477 2184 nequit..

548 2291 688 2362 CAPUT
710 2292 794 2361 XVI.

287 2429 363 2498 Quod
386 2431 454 2488 hooc
471 2433 508 2488 nit
525 2431 573 2488 lux
592 2431 799 2503 inaccessibilis,
815 2447 897 2503 quam
915 2425 1056 2489 inhabitat

225 2604 330 2690 Vere,
364 2609 514 2690 Domine,
549 2609 629 2676 haec
652 2613 702 2675 est
723 2608 779 2674 lux
800 2609 1047 2691 inaccessibilis,
1080 2610 1115 2678 in
1145 2629 1210 2695 qua

139 2713 284 2795 habitas3
317 2734 392 2783 vere
427 2717 508 2783 enirn
542 2734 606 2782 non
640 2721 690 2782 est
722 2715 827 2809 aliud,
869 2716 954 2799 quod
987 2714 1070 2781 hano
1103 2716 1206 2782 lucem

140 2824 305 2900 penetret,
328 2826 365 2885 ut
386 2822 431 2886 ibi
453 2826 485 2887 te
507 2821 682 2902 pervideat.
712 2820 798 2886 Vere
819 2821 891 2886 ideo
914 2820 997 2888 hanc
1018 2840 1083 2887 non
1104 2807 1218 2902 video,

141 2925 217 3007 quio
239 2925 336 2991 nimia
358 2926 434 2991 mihi
457 2931 521 3008 est3
551 2932 584 2992 et
613 2931 722 2992 tamen
752 2926 903 3010 quicquid
925 2924 1019 2992 video
1040 2945 1100 3008 per
1121 2925 1210 2994 illam

142 3031 252 3111 video,
275 3031 358 3098 sicut
378 3032 523 3100 infirmus
537 3033 667 3114 oculus,
689 3034 775 3116 quod
797 3032 902 3114 videt,
924 3052 983 3115 per
1004 3034 1107 3100 lucem
1130 3032 1209 3100 solis

140 3137 244 3216 ridet,
279 3158 374 3221 quam
405 3139 438 3204 in
469 3141 538 3223 ipso
569 3140 635 3204 sole
667 3139 778 3222 nequit
806 3138 957 3220 aspicere.
1001 3132 1073 3204 Non
1100 3142 1210 3220 potest

140 3239 323 3308 intellectus
346 3262 436 3308 meus
459 3232 500 3309 ad
523 3243 625 3323 illam,
649 3243 743 3307 nimis
766 3241 886 3325 fulget,
916 3262 980 3309 non
1004 3243 1088 3326 capit
1109 3241 1208 3325 illam,

143 3363 201 3410 nec
224 3343 337 3411 suffert
360 3348 468 3412 oculus
499 3348 626 3413 animae
653 3364 745 3411 meae
777 3346 831 3413 diu
861 3347 1030 3415 intendere
1051 3349 1084 3415 in
1108 3348 1208 3416 illam.

56 3439 59 3445 “
141 3450 381 3517 Reverberatur
403 3449 545 3534 fulgore,
569 3448 707 3517 vincitur
729 3449 958 3534 amplitudine,
981 3453 1128 3521 obruitur
1150 3453 1208 3519 im·

142 3557 330 3637 mensitate,
355 3555 561 3624 confunditur
583 3555 769 3638 capacitate.
814 3557 840 3623 0
865 3575 989 3624 summa
1012 3563 1044 3623 et
1066 3559 1207 3626 inacces-

143 3662 244 3728 sibilis
274 3662 348 3728 luxl
387 3665 412 3731 0
444 3669 527 3746 tota,
558 3663 708 3730 et'beata
729 3663 863 3745 veritas,
897 3683 991 3748 quam
1012 3663 1109 3744 longe
1131 3683 1210 3733 esa
1257 3746 1260 3753 Ι

144 3789 211 3850 me,
242 3771 297 3855 qui
327 3776 392 3838 tam
414 3790 514 3856 prope
545 3771 604 3839 tibi
633 3768 723 3837 sumi
760 3771 864 3850 Quam
887 3772 1010 3836 remota
1032 3786 1066 3834 cs
1090 3788 1110 3834 a
1134 3789 1210 3839 con·

146 3880 257 3956 spectu
293 3897 377 3959 meo,
415 3879 468 3963 qni
505 3878 551 3944 sic
587 3894 742 3960 praesens
788 3895 858 3973 sum
907 3874 1093 3957 conspectui
1131 3874 1208 3942 tuot

146 3979 270 4065 Ubique
293 3989 418 4053 estote
439 4002 609 4068 praesepe,
634 3990 667 4051 et
689 4002 754 4052 non
775 3987 809 4054 te
831 3981 932 4049 video.
961 3979 1000 4052 In
1022 3985 1056 4047 te
1078 3999 1209 4052 moveor
