2684 4546
655 265 697 324 65

52 504 54 511 ,
134 440 172 503 ει
189 434 285 515 Filii,
309 436 344 498 et
364 448 408 496 an
429 431 543 496 matris
566 435 599 495 et
619 429 705 496 filiae
727 429 830 511 magis
851 430 915 497 iliis
939 436 1018 515 apta
1038 434 1082 499 ait
1103 436 1214 517 appel·

52 614 63 671 i

53 546 77 575 ·‘
133 543 231 624 latio,
262 554 336 607 oum
362 539 397 602 in
427 536 475 601 eis
498 535 653 621 nulla'sit
681 552 778 600 sexus
806 535 966 603 diseretio.
1010 536 1092 602 Nam
1115 539 1143 602 si
1164 539 1213 605 id-

134 648 229 715 eirco·
243 642 475 712 oonvenienter
504 647 555 707 εει
575 642 631 708 ille
654 642 769 722 Pater,
801 647 851 708 est
878 641 986 723 proles
1008 643 1079 724 ejus
1101 643 1213 722 iilius,

136 736 215 836 quia
238 755 378 830 uterque
401 753 455 814 εει·
482 748 636 828 spiritus:
669 765 727 812 cur
759 766 824 812 non
857 747 929 828 pari
961 747 1088 813 ratione
1118 747 1213 813 alteri

136 856 291 925 convenit
323 872 395 919 esse
427 859 582 933 matrem,
615 853 710 918 alteri
742 853 856 932 filiam,
891 854 968 935 quia
995 858 1133 934 uterque
1163 857 1214 918 est

136 960 260 1027 veritas
285 962 318 1024 et
340 957 529 1039 sapientia?
553 957 604 1020 An
627 957 704 1038 quia
724 956 759 1020 in
781 955 832 1021 his
848 956 987 1037 naturis,
1011 974 1094 1039 quae
1116 975 1213 1023 sexus

136 1065 260 1130 habent
293 1060 524 1142 differentiam,
557 1060 698 1125 melioris
720 1078 816 1126 sexus
839 1067 889 1125 est
918 1067 1043 1143 patrem
1067 1081 1139 1128 esse
1162 1063 1214 1128 vel

134 1156 256 1250 iilium3
279 1165 414 1231 minoris
437 1183 533 1244 vero,
557 1170 691 1230 matrem
715 1165 765 1230 vel
787 1162 912 1230 filiam?
935 1167 978 1231 Et
999 1165 1059 1234 huo
1082 1168 1212 1251 quidem

136 1271 334 1338 naturaliter
354 1270 389 1335 in
418 1270 584 1351 pluribus3
616 1270 650 1333 in
684 1270 874 1352 quibusdam
904 1289 980 1336 vero
1004 1274 1214 1357 econtrario,

136 1379 231 1444 utin
255 1375 448 1460 quibusdam
471 1375 576 1441 avium
601 1375 792 1454 generibus,
822 1374 855 1439 in
888 1374 1003 1454 quibus
1034 1372 1213 1442 foemineus

137 1486 235 1548 sexus
259 1498 387 1561 semper
402 1479 506 1561 maJ'or
521 1483 554 1544 et
568 1478 703 1546 validior
719 1483 783 1558 est;
805 1478 1001 1545 masculinus
1017 1500 1093 1547 vero
1109 1483 1214 1546 minor

137 1591 172 1653 et
191 1572 356 1652 infirmior.
402 1585 468 1649 Aut
501 1588 589 1648 certe
622 1585 740 1650 ideireo
773 1584 876 1665 magis
909 1585 1058 1650 conuenit
1090 1602 1213 1650 summo

137 1690 268 1772 spiritui
292 1689 354 1754 diei
376 1689 507 1754 Patrem
531 1706 628 1769 quam
651 1694 804 1769 matrem,
838 1690 913 1772 quia
941 1691 1047 1771 prima
1068 1695 1101 1756 ει
1123 1691 1213 1772 prin·

138 1789 251 1878 niualis
275 1812 374 1861 eausa
395 1793 494 1874 prolis
518 1811 645 1874 semper
668 1794 774 1858 estin
797 1798 898 1874 patre.
939 1796 1022 1860 Nam
1045 1799 1073 1861 si
1096 1801 1213 1862 muter-

139 1918 213 1966 nam
243 1917 375 1964 cansam
410 1898 551 1979 quolibet
582 1898 676 1963 modo
709 1916 836 1980 semper
868 1906 1006 1982 paterna
1037 1903 1213 1984 praecedit,

140 2005 235 2070 nimis
259 2010 310 2070 εει
338 2005 568 2086 incongruum,
599 2010 636 2069 ut
657 2004 704 2068 illi
727 2005 854 2084 parenti
889 2005 1062 2086 adaptetur
1095 2025 1212 2073 nomen

52 2141 53 2148 ε
140 2110 267 2188 matris,
302 2109 352 2174 cui
381 2108 424 2173 ad
455 2109 649 2191 gignendam
678 2108 800 2188 prolem
837 2109 926 2173 nulla
949 2109 1014 2174 alia
1036 2129 1134 2176 causa
1157 2115 1214 2176 aut

140 2216 300 2292 sociatur,
332 2219 389 2277 aut
411 2213 582 2293 praecedit.
612 2210 823 2274 Verissimum
847 2218 896 2275 est
918 2211 1027 2294 igitur,
1052 2232 1210 2278 summum

139 2320 286 2400 spiritum
308 2317 438 2382 Patrem
462 2334 533 2382 εεεε
555 2315 654 2397 prolis
678 2331 765 2378 suae.
811 2315 902 2392 Quod
927 2313 1062 2408 sixfilius
1085 2322 1213 2396 se'mper

139 2422 272 2488 similior
303 2427 353 2487 est
380 2423 467 2504 patri
501 2439 596 2504 quam
631 2418 712 2502 iilia;
746 2419 825 2484 nihil
855 2424 961 2485 autem
996 2422 1128 2488 similius
1163 2428 1214 2488 est

140 2527 233 2592 alteri
268 2545 363 2608 quam
397 2546 519 2593 summo
551 2525 641 2591 Patri
663 2525 771 2606 proles
807 2543 883 2605 sua3
917 2526 1118 2593 verissimum
1154 2533 1211 2608 est,

139 2630 222 2700 hanc
253 2631 376 2713 prolem
408 2650 472 2698 non
505 2650 576 2698 esse
598 2630 715 2711 filiam,
750 2631 807 2696 sed
830 2630 956 2696 Filium.
1002 2632 1091 2698 Sient
1114 2635 1213 2714 igitur

138 2719 303 2818 pr'o‘p‘uum
327 2743 377 2802 εει
399 2737 484 2801 illius
514 2736 680 2802 verissime
710 2736 859 2817 gignere,
889 2735 982 2802 istius
1012 2755 1088 2801 vero
1113 2737 1211 2819 gigni,

138 2841 184 2920 sio
206 2841 372 2921 proprium
396 2847 446 2907 εει
467 2841 553 2907 iliius
577 2859 648 2907 esse
670 2841 871 2906 verissimum
895 2842 1093 2924 genitorem,
1116 2843 1211 2908 istius

137 2964 216 3011 vero
239 2944 441 3009 verissimum
465 2964 536 3012 esse
567 2947 717 3027 genitum.
761 2947 805 3011 Et
827 2946 911 3013 sieut
933 2947 1017 3037 alter
1040 2951 1089 3012 est
1111 2948 1210 3012 veris·

137 3049 241 3116 simus
263 3055 399 3126 parone,
422 3047 505 3113 aiter
526 3050 692 3117 verissima
710 3051 834 3134 proles;
865 3051 911 3116 sio
933 3051 1017 3116 alter
1039 3054 1089 3116 εει
1111 3050 1211 3116 veris·

137 3154 239 3221 aimus
263 3150 379 3232 Pater,
404 3150 486 3217 alter
508 3153 692 3220 verissimus
714 3155 822 3221 Filius.
923 3161 931 3169 ‘

533 3397 672 3478 canno
695 3399 808 3466 xum.
879 3374 882 3385 ’

172 3525 341 3590 Retraetutio
359 3536 553 3593 communionis
571 3537 724 3608 amborum,
741 3543 769 3592 et
784 3535 982 3604 proprietatum
1000 3535 1174 3603 singulorum.
1258 3544 1267 3556 ‘

60 3696 68 3743 i
138 3657 359 3725 conspectus
385 3657 526 3726 capitia
554 3688 589 3700 -
613 3661 657 3714 ita
683 3658 853 3729 impossibile
878 3663 920 3713 εει
942 3656 1066 3712 eumdem
1083 3670 1143 3712 εεεε
1161 3655 1210 3722 qui

97 3781 100 3785 ,
208 3745 310 3815 gignit,
336 3751 364 3802 ει
391 3761 453 3802 eum
480 3747 527 3815 qui
555 3749 691 3817 gignitum
718 3752 750 3802 ut
775 3752 864 3801 tamen
881 3760 991 3801 neeesse
1008 3745 1046 3799 sit
1061 3743 1133 3797 idem
1151 3756 1211 3797 εεεε

159 3898 161 3902 7
209 3829 286 3899 illum
304 3833 350 3899 qni
368 3835 466 3904 gignit,
494 3840 523 3890 et
540 3851 601 3891 eum
619 3836 666 3905 qui
684 3835 820 3904 gignitur:
848 3840 876 3890 et
893 3835 932 3888 ita
948 3833 1018 3888 alius
1038 3834 1080 3885 εει
1096 3829 1210 3900 genitor,

209 3917 279 3972 alins
297 3921 421 3992 genitus,
439 3928 541 3999 utnon
559 3923 634 3979 aliud
651 3924 687 3978 sit
705 3923 827 3992 genitor,
846 3935 925 3988 quam
944 3917 1016 3986 quod
1034 3923 1076 3972 εει
1094 3916 1209 3986 genitus.

160 4002 163 4007 '
208 4003 304 4074 Itaque
320 4014 397 4107 patet
413 4006 478 4078 quia
495 4010 548 4066 duo
567 4017 645 4081 sunt,
663 4010 712 4065 aed
731 4008 797 4078 quid
815 4007 869 4062 duo
886 4007 942 4061 sint
959 4005 1040 4060 latet:
1070 4005 1210 4061 nonenim

981 4098 1040 4208 5-
