2684 4546
640 265 682 327 85

130 451 287 519 praeseus
321 432 460 513 intueri,
492 433 579 516 quod
612 433 673 501 scit
703 437 739 500 et
768 428 929 518 intelligit
973 434 1061 502 Nihil
1096 440 1204 504 autam

131 539 221 607 aliud
243 544 294 606 est
315 557 439 604 summo
462 538 588 625 spiritui
610 539 794 623 hujusmodi
824 539 949 621 dicere,
983 558 1079 623 quam
1111 543 1206 625 quasi

132 643 302 725 cogitando
324 643 460 722 intueri;
484 644 567 710 sicut
583 650 713 711 nostrae
735 645 852 711 mentis
874 644 992 711 locutio
1015 645 1095 711 nihil
1117 647 1206 713 aliud

133 754 184 816 est
217 767 313 831 quam
346 748 516 831 cogitantis
549 749 714 832 inspectio.
760 749 983 817 Certissimum
1004 755 1112 816 autem
1136 751 1206 833 iam

132 853 355 922 consideratae
377 855 520 919 rationes
542 854 772 936 reddiderunt,
802 854 958 939 quidquid
981 871 1126 920 summae
1148 873 1207 920 na·

98 972 104 977 ·
131 962 226 1025 turae
248 959 334 1052 inest
356 959 590 1039 essentialiter,
621 959 655 1025 id
676 960 819 1042 perfecte
842 959 1015 1027 convenire
1037 958 1141 1038 Patri,
1174 962 1208 1024 at

133 1062 232 1142 Filio,
264 1066 430 1128 eteorum
454 1063 607 1145 Spiritui,
639 1065 841 1146 singulatim3
872 1069 906 1131 et
927 1068 1036 1131 tamen
1057 1063 1207 1145 idipsum,

134 1168 164 1234 si
184 1168 278 1235 sunul
303 1168 428 1234 dicatur
457 1170 505 1251 da
527 1169 648 1249 tribus,
683 1188 748 1234 non
778 1169 949 1235 admittere
977 1167 1207 1250 pluralitatem.

133 1272 213 1340 cum
236 1291 312 1355 ergo
336 1278 476 1354 constet,
507 1273 583 1357 quia
605 1274 688 1340 sicut
709 1273 852 1356 pertinet
875 1274 916 1339 ad
940 1274 1011 1357 ejus
1034 1274 1208 1340 essentiam

135 1376 272 1442 scientia
295 1382 328 1442 et
350 1377 584 1459 intelligentia3
616 1379 662 1446 sic
685 1379 755 1462 ejus
778 1378 860 1444 scire
883 1383 917 1444 at
938 1377 1120 1458 intelligere
1143 1393 1209 1441 nou

136 1485 186 1549 est
209 1482 298 1547 aliud
320 1501 416 1565 quam
448 1483 570 1566 dicere,
603 1482 636 1550 id
669 1488 719 1551 cst
749 1500 876 1566 semper
904 1500 1060 1565 praesens
1089 1479 1209 1546 intueri

135 1588 223 1689 quod
244 1589 306 1653 scit
328 1593 360 1654 et
382 1588 552 1671 intelligit:
576 1607 708 1656 necesse
721 1593 779 1670 est,
803 1593 839 1654 ut
854 1584 1121 1672 quemadmodum
1144 1583 1210 1649 sin·

136 1691 232 1773 gulos
254 1691 369 1775 Pater,
393 1693 541 1774 singulus
564 1694 681 1775 Filius,
706 1699 739 1760 et
761 1693 909 1774 singulus
934 1709 1043 1759 eorum
1069 1689 1208 1772 Spiritus

136 1801 188 1861 est
209 1797 314 1863 sciens
336 1804 369 1864 et
391 1797 595 1878 intelligens,
619 1801 651 1862 et
670 1802 779 1863 tamen
796 1794 828 1862 hi
844 1802 911 1863 tras
927 1794 1022 1862 simul
1045 1813 1110 1861 non
1133 1797 1211 1859 sunt

63 1960 66 1967 ,
136 1901 247 1983 plures
284 1902 424 1968 scientes
461 1906 518 1967 aut
550 1901 786 1985 intelligentes,
821 1902 879 1967 sed
909 1918 994 1967 uuus
1024 1899 1145 1980 sciens,
1178 1901 1212 1963 st

138 2025 222 2072 nnus
253 2007 455 2091 intelligens;
488 2009 535 2074 ita
566 2008 714 2089 singulus
747 2007 883 2091 quisque
915 2005 958 2073 sit
989 2005 1117 2082 dicens;
1151 2020 1212 2069 nec

137 2114 246 2179 tamen
268 2112 334 2178 sint
355 2118 421 2180 tres
446 2112 587 2179 dicentes
618 2111 731 2192 simul,
762 2111 819 2176 sed
851 2128 935 2176 nnus
965 2109 1084 2177 dicens.
1128 2107 1219 2173 Hinc

137 2217 218 2283 illud
246 2235 374 2302 quoque
402 2217 524 2302 liquide
555 2215 702 2300 cognosci
733 2219 855 2298 potest,
886 2215 963 2299 quia
995 2231 1067 2281 com
1090 2210 1123 2276 hi
1145 2215 1213 2276 tres

138 2322 306 2402 dicuutur,
330 2323 381 2388 vel
405 2341 424 2388 a
447 2323 579 2404 seipsis,
602 2321 653 2388 vel
676 2321 716 2386 ab
740 2320 903 2401 invicem,
918 2338 981 2386 non
1006 2321 1083 2384 sunt
1103 2310 1213 2398 plura,

138 2445 221 2510 quae
243 2427 402 2495 dicuntur.
449 2427 533 2507 Quid
557 2439 694 2509 namque
717 2425 773 2492 ibi·
786 2424 920 2504 dicitur,
945 2422 1007 2488 nisi
1030 2439 1139 2488 eorum
1163 2436 1213 2485 es-

138 2531 271 2607 sentia?
294 2530 327 2597 si
352 2550 427 2614 ergo
450 2531 507 2597 illa
530 2550 596 2597 una
611 2532 680 2597 sola
705 2536 771 2619 est,
794 2548 894 2595 unum
917 2530 1021 2596 solum
1044 2532 1103 2608 est,
1126 2525 1213 2609 quod

139 2635 276 2701 dicitur:
310 2656 386 2720 ergo
409 2637 437 2703 si
459 2654 559 2702 ouum
583 2635 686 2701 solum
711 2638 760 2701 est
782 2635 815 2700 in
838 2632 917 2714 illis,
947 2632 1033 2716 quod
1056 2631 1148 2710 dicit,
1181 2632 1214 2694 et

139 2757 257 2821 unum,
288 2741 375 2825 quod
398 2742 536 2820 dicitur;
564 2759 630 2806 una
652 2741 772 2825 quippe
794 2737 956 2821 sapientia
978 2740 1044 2816 est,
1074 2732 1214 2819 quaein
1328 2798 1331 2804 .

139 2843 202 2910 illis
232 2845 324 2926 dicit,
356 2851 388 2911 et
410 2865 476 2912 una
499 2845 698 2927 substantia,
731 2862 814 2929 quae
838 2844 973 2910 dicitur:
1006 2838 1215 2923 consequitur

141 2965 206 3012 nou
229 2947 273 3011 ibi
295 2966 366 3013 esse
387 2950 482 3031 plura
505 2952 622 3030 verba,
646 2950 703 3015 sed
727 2967 836 3015 unum.
881 2947 972 3013 Licet
994 2947 1092 3028 igitur
1115 2959 1214 3007 unus·

141 3050 277 3134 quisque
301 3053 459 3134 seipsum,
484 3060 516 3121 et
540 3071 651 3122 omnes
667 3052 803 3118 invicem
819 3070 854 3118 se
870 3051 994 3130 dicant,
1017 3045 1215 3128 impossibilis

141 3159 248 3221 tamen
272 3161 337 3237 est,
360 3158 393 3222 in
416 3176 542 3249 summa
565 3159 706 3224 essentia
729 3175 800 3224 esse
817 3158 949 3223 verbum
973 3153 1061 3220 aliud
1083 3157 1215 3233 praeter

140 3258 237 3340 illud,
253 3259 292 3326 do
315 3279 378 3344 quo
397 3263 465 3346 jam
489 3266 626 3342 constat,
655 3261 741 3346 quod
763 3261 809 3327 sic
832 3260 976 3327 nascitur
999 3277 1045 3323 ex·
1062 3275 1099 3322 eo
1123 3255 1214 3337 cujus

141 3359 192 3430 e'st
214 3363 371 3448 Verbum,
402 3373 439 3433 ut
461 3370 494 3434 et
515 3384 593 3433 vera
624 3366 695 3449 ejus
718 3365 782 3432 dici
804 3364 907 3447 possit
928 3364 1050 3444 imago,
1084 3366 1117 3425 et
1138 3376 1215 3424 vers

141 3469 243 3536 Filios
265 3471 335 3553 ejus
357 3473 408 3537 sit.
452 3473 490 3538 In
522 3491 584 3557 quo
615 3472 729 3538 mirum
762 3470 914 3553 quiddam
938 3473 972 3534 et
992 3461 1216 3547 inexplicabile

141 3575 244 3641 video.
289 3575 372 3641 Ecce
407 3575 491 3640 enim
527 3594 598 3641 cum
632 3572 836 3641 manifestum
872 3573 915 3637 sit
946 3583 1215 3652 unumquemque,

142 3680 264 3746 scilicet
285 3681 431 3760 Patrem,
467 3684 499 3744 et
520 3679 654 3761 Filium,
688 3684 721 3744 et
749 3677 855 3743 Patris
885 3675 1021 3758 Filiiqoe
1051 3671 1215 3752 Spiritum,

142 3783 266 3865 pariter
288 3804 323 3851 se
346 3790 378 3851 et
400 3784 510 3850 ambos
526 3783 605 3849 alios
623 3783 747 3877 dicere,
772 3786 809 3847 et·
827 3798 926 3847 unum
951 3777 1051 3844 solum
1076 3775 1120 3840 ibi
1144 3790 1215 3840 esse

143 3886 304 3969 Verbum3
338 3891 523 3957 nullatenus
546 3891 653 3953 tamen
677 3887 783 3969 ipsum
807 3882 948 3951 Verbum
971 3880 1098 3945 videtur
1120 3895 1215 3960 posse

142 3992 204 4061 dici
236 3992 392 4061 Verbum'
408 3996 550 4064 omnium
565 3992 696 4073 trium,
729 3991 789 4057 sed
818 3995 945 4057 tantum
975 3984 1073 4052 onius
1096 4000 1215 4051 eorum.
