2684 4546
636 267 678 329 26

121 439 207 523 quod
229 454 355 504 summa
377 441 496 503 natura
516 435 562 503 sie
582 433 720 516 intelligi
750 437 859 518 potest
888 453 1126 532 nou-summa,
1156 443 1194 504 ut

121 531 190 609 nee*
204 534 511 609 summum'omnino
534 540 647 608 melius
670 541 712 607 eit
735 559 831 626 quam
854 559 1110 623 non-summum
1134 562 1195 611 nee

122 664 361 717 non-summum
384 646 479 712 alicui
511 644 625 711 melius
648 663 744 729 quam
772 650 947 711 summum:
977 648 1080 713 multa
1097 646 1194 728 'rela-

122 752 201 818 tiva·
220 768 306 832 ease,
335 769 419 839 quae
451 767 653 835 nequaquam
683 750 742 816 hac
773 751 999 841 contineantur
1027 750 1193 825 divisione.

120 855 237 923 Utrum
260 858 366 921 autem
392 853 502 937 aliqua
525 853 765 935 contineantur,
793 846 958 938 inquiret‘e
987 856 1208 938 supersedeo,-

120 979 192 1026 eum
225 960 267 1025 ad
297 960 496 1042 propositum
532 957 671 1025 sufficiat
703 959 789 1043 quod
823 959 863 1025 de
884 960 956 1032 ‚illis
989 966 1099 1026 notum
1135 966 1194 1043 est,

3 1054 10 1067 '
122 1063 263 1145 nullum,
288 1064 428 1145 scilieet,
460 1083 571 1130 eorum
594 1064 768 1147 simplicem
791 1062 935 1131 summae
958 1071 1095 1133 naturae
1117 1068 1194 1134 eub-

120 1169 273 1236 stantiam
295 1169 475 1250 designare.
520 1167 601 1235 (lum
633 1169 731 1250 igitur
765 1169 917 1255 quiequid
946 1169 1034 1235 aliud
1069 1176 1134 1252 est,
1165 1171 1194 1238 ei

120 1273 249 1355 singula
268 1274 508 1356 ¹dispiciantur,
541 1279 598 1341 aut
630 1275 735 1359 ipsum
767 1273 810 1338 sit
840 1273 954 1338 melius
986 1291 1082 1358 quam
1113 1293 1193 1356 n0u5

119 1377 223 1460 ipsum
235 1385 250 1458 ,'
273 1383 330 1444 aut
352 1378 539 1459 non-ipsum
562 1378 596 1441 in
619 1377 725 1459 aliquo
749 1376 792 1441 eit
814 1376 929 1442 melius
952 1394 1052 1461 quam.
1070 1378 1193 1460 ipsum3

120 1482 203 1548 sicut
225 1480 317 1547 nefas
341 1486 390 1548 est
411 1487 536 1563 putare,
561 1481 646 1564 quod
669 1481 850 1548 substantie
875 1493 1019 1548 summae
1050 1489 1190 1551 natiuae

120 1587 163 1652 sit
185 1587 321 1670 aliquid,
355 1604 418 1669 quo
440 1586 554 1651 melius
577 1585 619 1651 sit
648 1586 752 1671 aliquo
783 1586 878 1652 modo
911 1587 1112 1669 noneipsum
1148 1589 1194 1656 sie

120 1704 251 1755 neeesse
275 1694 333 1771 eet,
358 1693 394 1753 ut
416 1690 458 1761 sit
482 1690 633 1776 quicquid
649 1691 778 1757 omuino
794 1692 908 1757 melius
932 1697 982 1758 est
1006 1710 1101 1776 quam
1126 1695 1218 1760 uon'

117 1794 231 1876 ipsum.
253 1793 312 1860 Illa
332 1794 416 1859 euim
437 1796 506 1861 sula
524 1802 591 1877 est,
608 1815 671 1882 qua
682 1796 812 1878 penitus
830 1797 910 1862 mihil
922 1802 982 1868 ‚est
1004 1796 1136 1875 melius3
1160 1801 1194 1864 et

120 1916 203 1981 quae
225 1898 338 1964 melior
361 1905 411 1964 est
434 1902 599 1983 omnibus,
632 1892 714 1985 ¹(uuae
745 1920 807 1967 non
832 1906 909 1967 sunt
933 1901 1016 1984 quod
1041 1903 1192 1984 meipsa

118 2003 189 2068 Nou
215 2008 264 2069 est
286 2003 385 2093 igitur
408 2022 543 2086 corpus,
574 2007 624 2071 vel
638 2015 642 2022 ·
656 2004 777 2088 aliquid
809 2024 919 2071 eorum
941 2007 1192 2090 quaeeorporei

119 2123 234 2173 sensus
251 2107 464 2195 discernunt·
477 2109 603 2191 Quippe
614 2110 664 2175 his
681 2109 829 2176 omnibus
851 2110 966 2176 melius
990 2115 1040 2176 est
1062 2111 1193 2194 aliquid,

119 2213 204 2297 quod
233 2233 297 2280 non
329 2219 378 2280 est
413 2214 498 2299 quod
532 2215 604 2297 ipsa
638 2219 722 2281 eunt
766 2215 860 2301 Mene
895 2215 981 2282 enim
1014 2214 1193 2296 ratiomlie

89 2340 92 2346 ‘
119 2335 203 2402 quae
226 2317 315 2384 nullo
339 2338 491 2401 corporeo
514 2308 612 2386 seueu
635 2321 729 2405 quid,
760 2318 811 2387 vel
841 2318 965 2404 qualis,
997 2319 1047 2386 vel
1071 2324 1194 2403 quauta

87 2446 92 2455 .
119 2421 163 2486 sit
183 2422 377 2504 percipitur3
401 2429 522 2507 quanto
537 2425 642 2491 minor
657 2430 758 2506 esset,
781 2425 808 2491 si
825 2430 912 2491 esset
937 2423 1058 2510 aliquid
1082 2443 1192 2491 eorum

120 2543 204 2611 quae
220 2528 381 2609 corporeis
397 2528 546 2595 sensibus
568 2528 754 2612 subjacent,
776 2533 872 2594 tanto'
888 2529 1072 2611 majorem,
1096 2520 1195 2614 quam

119 2632 284 2716 quodlibet
318 2652 437 2700 eorum.
483 2634 617 2702 Penitus
652 2634 736 2699 enim
770 2634 847 2726 ipsa
885 2651 1011 2699 summa
1052 2635 1194 2700 essentia

119 2737 256 2804 tacenda
278 2743 328 2804 est
351 2753 422 2807 esse
445 2740 566 2824 aliquid
590 2760 718 2820 eorum,
742 2740 857 2823 quibus
880 2744 930 2805 est
952 2739 1083 2823 aliquid,
1107 2741 1193 2825 quod

119 2858 185 2906 uon
208 2846 257 2908 eet
281 2845 366 2927 quod
388 2846 460 2927 ipsa
483 2838 574 2926 suut,
600 2843 772 2926 euporius:
804 2846 837 2909 et
860 2849 910 2909 est
932 2844 1079 2926 omniuo,
1110 2846 1194 2912 sicut

118 2946 200 3013 ratio
225 2947 334 3031 docet,
359 2948 496 3036 ¹(licenda
519 2948 684 3034 quodlibet
706 2965 836 3028 eorum,
877 2948 994 3032 quibus
1017 2952 1066 3014 est
1089 2968 1192 3029 omne,

119 3052 205 3136 quod
227 3072 292 3121 non
317 3056 474 3142 estquod
505 3055 578 3138 ipsa
607 3059 699 3136 sunt,
729 3051 873 3119 inferius.
921 3055 1027 3134 Quare
1060 3070 1193 3119 necesse

87 3163 169 3222 ‘est
191 3175 262 3222 eam
291 3177 363 3225 esee
397 3160 573 3238 viventem,
604 3143 798 3240 sapientem,
831 3161 995 3240 potentem
1028 3161 1061 3219 et
1090 3158 1192 3219 omui-

117 3264 300 3342 potentem,
323 3281 450 3340 veram,
481 3263 620 3344 Justam‚
656 3263 800 3341 beatam,
833 3264 1013 3337 aeternam,
1048 3260 1082 3320 et
1104 3257 1191 3340 quie-

107 3364 196 3451 *quid
218 3364 365 3431 similiter
397 3366 544 3432 absolute
575 3365 688 3431 melius
722 3382 816 3448 quam
849 3363 1062 3444 non-ipsum.
1107 3363 1192 3443 Quid

119 3487 194 3552 ergo
218 3476 393 3552 quaeratur
417 3472 553 3553 amplius
576 3471 653 3557 quid
683 3480 807 3536 summa
837 3466 898 3534 illa·
924 3467 966 3533 sit
996 3472 1132 3548 natura,
1164 3471 1192 3535 si

94 3571 324 3640 'manifestum
362 3580 413 3641 est
430 3576 527 3661 ·quid
568 3576 708 3643 omnium
746 3574 804 3656 sit,
843 3577 899 3639 aut
938 3574 1014 3658 quid
1051 3574 1191 3641 omnium

119 3696 183 3745 uon
207 3678 276 3745 eit?
990 3705 996 3711 ·
