2684 4546
655 240 700 306 bV

133 416 171 483 in
201 433 262 482 sna
290 412 498 498 cogitatione:
533 413 628 479 immo
660 411 764 494 ipsam
800 411 1026 494 cogitationem
1057 413 1107 479 sui
1140 431 1211 481 esse

134 537 229 586 snam
253 519 441 601 imaginem,
465 519 505 584 ad
528 519 597 601 ejus
614 517 873 599 similitudinem,
896 521 1061 600 tamquam
1084 519 1210 602 exejus

132 623 350 705 impressione
378 620 566 689 ,formatam
627 624 859 706 Quamcunque
893 623 979 689 enim
1016 641 1084 689 rem
1121 641 1211 690 mens

134 745 195 794 seu
216 745 278 810 per
300 727 441 808 corporis
472 727 730 808 imaginationem
763 736 827 793 seu¹
851 745 910 809 per
939 726 1097 812 rationem
1125 726 1213 807 cupit

134 831 296 898 ueraciter
325 833 482 913 cogitare,
517 832 586 916 ejus
620 833 731 915 utique
765 832 1026 911 similitudinem,
1055 818 1213 915 quantum

134 934 241 1016 valet,
272 935 399 1025 inipso
421 955 481 1003 sua
504 938 696 1016 cogitatione
720 943 855 1005 conatur
878 938 1064 1020 exprimere.
1119 936 1211 1015 Quod

135 1045 260 1124 quanto
283 1039 391 1106 uerius
414 1037 504 1122 facit,
538 1044 628 1104 tanto
660 1059 726 1105 rem
759 1041 861 1122 ipsam
887 1042 992 1107 remus
1016 1040 1146 1122 cogitas
1179 1044 1212 1104 ct

134 1146 196 1213 hoc
218 1145 365 1228 quidem,
389 1164 459 1211 cum
472 1145 591 1225 cogitat
607 1144 728 1227 aliquid
744 1146 842 1225 aliud,
859 1147 945 1227 quod
968 1146 1039 1226 ipsa
1063 1163 1127 1210 non
1151 1147 1210 1224 est,

137 1253 171 1316 et
194 1250 332 1315 maxime
348 1268 419 1315 cum
435 1249 564 1333 aliquod
582 1249 700 1330 cogitat
716 1267 850 1330 corpus,
875 1250 990 1315 clarius
1006 1250 1208 1331 perspicitur.

135 1352 218 1420 Cum
241 1353 327 1420 enim
357 1354 460 1435 cogito
491 1359 601 1419 notum
631 1353 708 1419 mihi
740 1354 900 1425 hominem
928 1354 1113 1432 absentem,
1145 1352 1210 1418 lor·

135 1462 244 1535 matur
267 1457 352 1525 acics
383 1450 584 1540 cogitationis
613 1477 705 1525 meae
739 1460 773 1525 in
806 1458 902 1525 talem
936 1457 1106 1537 imaginem
1130 1457 1211 1538 cJus,

136 1565 266 1647 qualem
287 1563 377 1630 illam
400 1565 583 1646 pervisum
614 1565 777 1631 oculorum
803 1563 838 1630 in
865 1562 1052 1630 memoriam
1075 1559 1211 1638 attraxi3

137 1685 220 1751 quae
242 1666 346 1750 imago
368 1669 403 1734 in
427 1667 637 1749 cogitatione,
661 1670 793 1735 verbum
823 1674 873 1736 est
896 1669 1040 1753 eJusdem
1063 1666 1210 1747 hominis,

137 1791 233 1857 quem
257 1772 427 1853 cogitando
451 1773 529 1839 dico.
574 1773 681 1840 Habet
696 1774 801 1857 ¹igitur
822 1794 914 1841 mens
936 1772 1115 1856 rationalis
1138 1790 1209 1838 cum

138 1894 173 1943 sc
197 1876 368 1958 cogitando
391 1877 558 1959 intelligit,
588 1894 696 1945 secum
725 1878 896 1962 imaginem
919 1896 1009 1944 suam
1033 1896 1071 1944 ex
1094 1895 1130 1943 se
1153 1893 1209 1941 na-

138 1984 218 2061 tam,
242 1982 276 2047 id
299 1986 348 2049 est
371 1981 594 2064 cogitationem
610 1983 659 2048 sui
675 1984 717 2049 ad
732 2001 823 2050 suam
839 1982 1094 2065 similitudinem,
1118 1979 1210 2065 qnasi

141 2103 200 2160 sua
221 2084 434 2167 impressione
463 2084 653 2168 formatam,
683 2090 828 2170 quamvls
857 2089 930 2171 ipsa
952 2106 986 2154 se
1009 2106 1029 2154 a
1052 2105 1110 2154 sua
1132 2087 1211 2153 ima·

62 2222 65 2227 ·
141 2191 231 2273 gine,
255 2210 319 2257 non
345 2192 407 2257 nisi
429 2190 555 2258 ratione
578 2192 663 2273 sola,
687 2210 839 2273 separare
855 2194 976 2274 possit:
999 2211 1082 2274 quae
1104 2193 1210 2270 imago

56 2290 58 2294 ’
140 2294 209 2377 ejus
243 2285 377 2361 ¹verbum
412 2297 482 2380 ejus
515 2299 574 2362 est.
619 2295 689 2360 Hoc
719 2295 829 2377 itaque
860 2296 972 2375 modo,
1005 2295 1077 2377 quis
1114 2296 1212 2372 neget

141 2416 296 2465 summam
309 2401 529 2482 sapientiam,
565 2418 636 2466 cum
659 2417 694 2464 se
718 2398 852 2466 diceudo
875 2398 1044 2480 intelligit,
1076 2399 1210 2479 gignere

140 2504 447 2570 consubstantialem
470 2505 530 2571 sibi
547 2504 786 2579 similitudinem
810 2522 916 2586 suam,
939 2506 973 2570 id
996 2510 1045 2571 est
1067 2503 1209 2571 Verbum

140 2609 260 2674 suum?
293 2610 386 2690 Quod
409 2609 567 2688 Verbum,
593 2609 669 2674 licet
692 2608 732 2673 de
755 2612 878 2672 ratam
903 2608 1111 2689 singulariter
1134 2607 1210 2672 cmi·

140 2715 230 2779 nenti
251 2715 382 2797 proprie
405 2714 528 2797 aliquid
550 2713 630 2779 satis
661 2713 888 2779 convenienter
916 2713 979 2780 dici
1010 2731 1074 2779 non
1097 2711 1209 2796 possit,

139 2837 203 2885 non
220 2824 328 2883 tamen
344 2820 625 2899 inconvenienter,
649 2819 732 2884 sicut
754 2817 945 2899 similitudo,
968 2819 1016 2900 ita
1038 2821 1071 2883 et
1092 2817 1208 2899 imago,

138 2928 171 2988 et
193 2920 296 2999 figura
319 2927 351 2986 et
374 2923 539 2991 character
572 2925 641 3006 ejus
664 2923 735 2988 dici
766 2927 880 3005 potest.
924 2923 1066 2991 Verbum
1100 2928 1208 2989 autem

140 3040 204 3104 quo
228 3026 408 3087 creaturam
441 3025 533 3105 dicit,
554 3041 775 3107 'nequaquam
808 3024 955 3091 similiter
994 3032 1044 3091 cst
1076 3027 1209 3092 verbum

139 3127 326 3208 creaturae,
358 3127 434 3210 quia
457 3147 520 3193 non
550 3134 599 3194 est
622 3129 692 3211 ejus
715 3128 905 3209 similitudo,
942 3130 999 3195 sed
1021 3129 1208 3212 principalis

138 3231 289 3300 essentia.
335 3222 553 3315 Consequitur
590 3234 698 3315 igitur,
732 3239 769 3300 ut
792 3235 894 3318 ipsam
929 3239 1109 3301 creaturam
1145 3252 1209 3300 non

139 3336 224 3402 dicat
257 3336 355 3403 verbo
391 3344 567 3405 creaturae.
615 3339 715 3424 cujus
745 3359 820 3422 ergo
844 3342 940 3407 verbo
964 3358 1035 3406 eam
1059 3332 1207 3418 dicit,'si

139 3459 203 3506 non
228 3441 303 3506 dicit
327 3461 396 3507 eam
420 3446 518 3510 verbo
542 3446 637 3528 ejus?
660 3445 741 3511 Nam
765 3445 852 3528 quod
875 3446 969 3526 dicit,
992 3428 1090 3510 verbo
1114 3443 1207 3521 dicit;

139 3549 172 3610 ct
193 3545 326 3609 verbum
350 3546 486 3628 alicujus
510 3553 559 3612 est
581 3549 732 3629 verbum,
765 3549 798 3613 id
830 3554 880 3613 est
911 3549 1096 3614 similitudo.
1143 3545 1207 3610 Sed

139 3650 165 3713 si
188 3648 266 3716 nihil
290 3651 377 3716 aliud
401 3652 477 3716 dicit
498 3662 593 3734 quam
626 3658 741 3718 aeaut
764 3659 958 3733 ereaturam,
990 3651 1068 3717 nihil
1100 3651 1206 3715 dicere

137 3757 260 3835 potest,
284 3754 345 3827 nisi
368 3761 426 3821 aut
447 3774 522 3836 suo,
546 3763 603 3822 aut
625 3758 694 3840 ejus
717 3760 823 3825 verbo.
870 3761 904 3826 Si
928 3777 1003 3839 ergo
1028 3756 1105 3823 nihil
1130 3755 1206 3821 dicit

139 3858 235 3923 verbo
259 3866 442 3943 creaturae,
476 3861 628 3944 quicquid
651 3863 744 3945 dicit,
779 3864 884 3930 Verbo
915 3881 972 3928 suo
1002 3862 1086 3928 dicit.
1106 3872 1112 3881 “
1131 3858 1204 3927 Uno

137 3960 237 4042 igitur
259 3963 433 4048 eodemque
450 3966 554 4033 Verbo
571 3964 647 4032 dicit
662 3966 820 4050 seipsum,
845 3972 878 4035 et
892 3984 1103 4051 quaecunque
1119 3965 1203 4035 lecit.
