2684 4546
653 229 696 292 ou

135 399 231 463 tauto
261 411 335 463 erse
365 395 604 480 praestantius,
638 398 761 480 quanto
783 397 918 466 similius
939 403 991 467 est
1022 400 1089 482 illi,
1125 402 1212 487 quud

134 519 267 569 summe
288 504 357 581 est,
391 506 425 566 et
453 517 576 568 summe
605 519 757 582 magnum
788 509 847 571 est.
892 505 976 572 ilinc
1006 505 1124 572 etenim
1146 505 1213 572 for·

133 609 243 686 tasse,
266 604 362 671 immo
380 623 444 672 uon
459 605 614 688 fortasse,
639 608 696 673 sed
711 625 770 690 pro
787 615 888 692 certo,
910 608 986 676 hino
999 611 1102 676 omnis
1116 594 1213 677 intel·

134 709 242 776 lectus
261 709 389 793 jndicat
410 717 545 779 naturus
568 712 712 794 quolibet
741 714 835 780 modo
867 715 1014 780 viventes
1044 719 1213 796 praestare

136 834 205 883 non
228 816 429 898 viventibus,
461 816 639 883 sentientes
674 836 737 883 non
752 860 755 865 -
771 818 1004 900 sentientibus,
1037 819 1212 886 rationales

135 921 391 987 irrationalibus.
423 919 579 1000 Quoniam
596 921 682 987 enim
705 938 829 988 summa
852 926 968 989 natura
990 941 1049 990 suo
1072 924 1212 1006 quodam

136 1025 233 1091 modo
258 1024 415 1105 singulari
438 1042 502 1090 non
525 1025 626 1089 solum
650 1029 716 1106 est,
740 1027 797 1092 sed
820 1031 853 1092 et
874 1027 968 1108 vivit,
992 1031 1025 1095 et
1047 1028 1156 1110 sentit,
1180 1032 1213 1094 et

136 1128 306 1196 rationalis
330 1133 396 1210 est,
433 1128 536 1212 liquet
573 1128 722 1211 quoniam
756 1131 896 1195 omnium
931 1149 1015 1215 quae
1048 1139 1139 1215 sunt,
1178 1134 1212 1199 id

137 1233 226 1316 quod
249 1233 358 1315 aliquo
380 1235 473 1300 modo
498 1234 576 1300 vivit
606 1233 709 1313 magis
744 1237 794 1299 est
825 1234 870 1299 illi
904 1236 1019 1317 simile,
1052 1256 1148 1320 quam
1178 1238 1212 1303 id
1290 1240 1302 1245 ''

138 1338 226 1420 quod
250 1339 436 1406 nullatenus
467 1340 559 1420 vivit;
595 1344 628 1405 et
662 1341 747 1422 quod
778 1339 871 1404 modu
904 1339 1047 1422 quolibet
1068 1339 1119 1404 vel
1142 1358 1212 1405 cor·

136 1461 237 1526 porco
268 1461 368 1509 sensu
397 1446 559 1527 cognoscit
591 1445 731 1528 aliquid,
761 1445 863 1528 magis
894 1463 990 1528 quam
1020 1443 1105 1526 quod
1134 1443 1213 1508 nihil

138 1547 268 1614 omnino
291 1548 410 1628 sentit;
440 1553 473 1613 et
495 1549 581 1631 quod
604 1550 763 1615 rationale
787 1553 852 1634 est,
884 1548 986 1631 magis
1008 1565 1104 1633 quam
1127 1548 1212 1630 quod

138 1652 273 1745 radonis
295 1670 396 1735 capax
418 1671 483 1720 non
507 1657 564 1719 cst.
596 1652 753 1733 Quoniam
768 1673 845 1721 vero
861 1654 956 1721 simili
971 1654 1098 1720 ratione
1113 1671 1212 1736 quae·

140 1758 212 1826 mm
236 1762 375 1825 naturae
397 1759 498 1839 magis
518 1758 666 1824 minusue
682 1762 759 1823 sunt
773 1778 867 1842 quam
883 1759 984 1840 aliae,
1007 1758 1212 1841 perspicuum

141 1867 208 1960 est⁶
245 1863 530 1944 Quemadmodum.
545 1864 631 1930 enim
655 1869 772 1930 natura
801 1863 882 1929 illud
911 1863 1130 1947 praestantius
1153 1867 1212 1943 est,

141 1969 226 2053 quod
247 1985 308 2050 per
330 1969 511 2035 naturalem
536 1957 709 2049 essentiam
731 1969 947 2053 propinquius
970 1972 1019 2035 est
1041 1972 1212 2050 praestan·

141 2073 280 2154 desino,
311 2074 358 2139 ita
381 2075 493 2158 utique
515 2075 571 2141 illa
593 2080 711 2141 natura
733 2077 835 2156 magis
857 2078 923 2156 est,
955 2075 1046 2158 cujus
1071 2072 1213 2140 essentia

141 2177 274 2244 similior
305 2183 356 2244 est
383 2198 527 2247 summae
560 2180 730 2245 essentiae.
777 2179 870 2258 Quod
904 2178 951 2243 sic
983 2193 1111 2257 quoque
1133 2175 1212 2239 ani·

141 2282 297 2348 madverti
330 2281 425 2348 facile
458 2301 553 2363 posse
587 2282 742 2348 existimo.
786 2281 911 2361 Nempe
934 2279 962 2344 si
984 2277 1115 2344 cuilibet
1137 2277 1213 2342 sub·
1309 2308 1314 2319 -

141 2388 296 2469 santiae,
330 2405 412 2470 quae
446 2392 480 2451 et
509 2387 605 2469 vivit,
639 2392 672 2453 et
695 2385 871 2466 sensibilis,
908 2388 941 2450 ct
962 2381 1130 2449 rationalis
1153 2385 1212 2463 est,

141 2493 332 2576 cogitatione
362 2489 528 2558 auferatur
557 2492 643 2576 quod
676 2488 842 2557 rationalis
877 2492 942 2570 est,
977 2486 1095 2554 deinde
1125 2486 1211 2570 quod

140 2598 320 2679 sensibilis,
344 2602 377 2662 et
392 2601 522 2680 postea,
538 2597 624 2680 quod
638 2582 764 2676 uitalis,
787 2597 950 2676 postremo
966 2592 1072 2674 ipsum
1088 2591 1211 2656 nudum

139 2719 227 2782 esse,
257 2702 345 2785 quod
366 2707 527 2783 remanet;
558 2703 630 2786 quis
653 2720 716 2769 non
747 2699 911 2781 intelligat
941 2696 1026 2780 quod
1057 2695 1114 2762 illa
1137 2695 1212 2762 sub·

139 2807 271 2888 santia,
295 2824 377 2889 quae
399 2808 445 2874 sic
467 2808 623 2890 paulatim
640 2805 838 2886 destruitur,
860 2805 902 2871 ad
918 2804 1024 2870 minus
1047 2798 1080 2869 e't
1102 2800 1209 2867 minus

139 2926 228 2987 esse,
263 2912 296 2971 et
316 2909 357 2975 ad
380 2912 526 2979 ultimum
555 2913 596 2979 ad
623 2933 688 2979 non
721 2931 792 2979 esse
818 2910 977 2994 gradatim
999 2907 1210 2992 perducitur?

140 3015 233 3092 Quae
253 3014 363 3076 autem
385 3015 569 3100 singulatim
592 3021 758 3099 assumpta
773 3014 950 3100 quamlibet
972 3013 1146 3078 essentiam
1170 3010 1210 3076 ad

72 3172 77 3180 .
138 3117 247 3186 minus
263 3120 296 3182 et
310 3116 415 3182 minus
431 3136 502 3185 esse
518 3120 697 3203 deducunt,
718 3123 830 3189 eadem
847 3117 1019 3188 ordinatim
1035 3119 1211 3196 assumpta,

138 3223 226 3290 illam
249 3222 291 3287 ad
320 3222 423 3304 magia
453 3229 487 3291 et
516 3226 619 3308 magis
642 3245 714 3295 esse
745 3228 936 3311 perducunt.
981 3220 1077 3286 Patet
1103 3218 1212 3303 igitur,

140 3328 216 3412 quia
238 3328 340 3408 magis
363 3336 413 3397 est
435 3332 547 3400 vivens
578 3335 761 3402 substantia
790 3350 885 3416 quam
918 3348 982 3394 non
1017 3326 1147 3410 urens,
1179 3327 1212 3389 et

140 3431 300 3498 sensibilis
329 3452 424 3513 quam
454 3457 519 3504 non
548 3439 726 3518 sensibilis,
759 3441 792 3502 et
820 3434 987 3503 rationalis
1018 3447 1115 3513 quam
1146 3447 1211 3495 non

139 3535 317 3603 rationalis.
360 3535 434 3600 Non
457 3543 507 3602 est
528 3540 639 3621 itaque
662 3539 794 3608 dubium
823 3539 910 3622 quod
941 3535 1043 3604 omnis
1068 3532 1210 3599 essentia

142 3661 178 3708 eo
200 3643 269 3723 ipso
293 3639 397 3720 magm
420 3644 485 3718 est,
515 3641 798 3724 praestantiorque
821 3646 888 3723 est,
919 3661 981 3725 quo
1005 3637 1139 3706 similior
1161 3641 1212 3700 est
1248 3678 1251 3685 ·

139 3745 186 3811 illi
209 3743 383 3823 essentiae,
408 3760 490 3825 quae
514 3740 636 3809 summe
659 3748 709 3814 est
732 3750 765 3809 et
786 3762 908 3813 summe
929 3746 1086 3825 praestat.
1124 3737 1210 3807 Satis

139 3850 249 3931 itaque
281 3847 488 3915 manifestum
523 3852 575 3912 est
604 3848 638 3913 in
662 3847 782 3929 Verbo,
813 3868 873 3931 per
903 3849 988 3931 quod
1018 3844 1210 3912 factasunt

139 3954 263 4036 omnia,
287 3972 350 4022 non
375 3950 451 4024 essew
471 3972 582 4023 eorum
597 3952 856 4043 similitudinem,
879 3953 936 4023 sed
958 3971 1067 4026 veram
1088 3952 1209 4042 simpli-
