2684 4546
653 257 695 320 82

137 423 299 504 indigeat,
333 425 460 488 autad
491 425 752 506 memorandum,
788 430 845 491 aut
878 427 920 493 ad
953 420 1212 514 intelligendum,

138 529 264 594 autad
294 528 479 593 arnaudum.
524 529 678 610 Singulas
712 530 797 595 euim
828 532 965 615 quisque
997 536 1214 603 essentialiter

138 638 188 699 est
210 638 244 696 et
265 633 438 712 memoria,
469 639 503 697 et
523 633 755 716 intelligentia,
789 641 824 699 et
855 652 962 722 apror,
995 643 1029 703 et
1060 640 1213 723 quioquid

136 753 282 803 summae
304 738 465 804 esseutiae
483 757 622 805 neeesse
643 746 695 805 est
715 740 832 805 inesse.

544 979 687 1101 oliuu
710 1001 793 1068 uxr

136 1135 216 1203 Quod
233 1141 325 1192 umen
342 1153 398 1225 uon
416 1138 473 1193 rint
490 1143 562 1207 tres,
587 1137 637 1193 sed
663 1153 748 1207 uuus,
772 1155 822 1195 seu
839 1139 938 1210 Pater,
962 1156 1012 1197 seu
1034 1142 1137 1217 Filius,
1164 1161 1214 1203 aea

529 1226 671 1294 utriusque
691 1226 818 1296 Spiritus.

137 1348 521 1418 conspecturoapitis
549 1378 580 1388 —
611 1347 739 1414 Quamvis
764 1354 860 1403 auteur
876 1349 959 1405 Pater
976 1351 1012 1407 sit
1027 1351 1211 1422 intelligentia

209 1441 237 1491 et
254 1453 345 1505 amor,
365 1452 419 1490 uon
437 1442 528 1490 tamen
547 1442 589 1489 est
606 1435 709 1504 Filius,
727 1442 776 1489 aut
793 1435 909 1506 alicujus
927 1437 1058 1507 Spiritus3
1076 1440 1213 1507 quianon

208 1530 251 1579 est
274 1522 457 1590 intelligentia
484 1520 586 1588 genita,
624 1536 676 1576 neo
702 1537 779 1576 amor
805 1523 839 1576 ab
865 1522 956 1591 aliquo
982 1525 1138 1593 procedens.
1174 1527 1214 1583 Et

207 1612 271 1666 lieet
287 1611 373 1664 Filius
398 1611 435 1662 sit
457 1609 586 1662 memoria
611 1615 639 1663 et
665 1624 756 1678 amor,
784 1626 839 1664 nou
866 1616 956 1666 umen
984 1617 1026 1665 est
1042 1611 1137 1682 Pater,
1164 1620 1217 1668 aut

133 1750 136 1756 .
207 1698 326 1767 Spiritus
344 1695 477 1764 alicujua3
503 1695 570 1762 quia
587 1710 642 1749 nou
660 1701 703 1750 est
719 1697 851 1751 memoria
868 1697 998 1766 gignens,
1014 1712 1161 1759 neaamor
1177 1698 1212 1756 ιδ

206 1786 261 1840 alio
285 1783 449 1854 procedens,
476 1783 548 1838 siout
576 1783 703 1852 Spiritus
740 1783 785 1838 Sie
812 1783 866 1838 etsi
885 1784 1006 1853 Spiritus
1023 1791 1066 1839 eet
1081 1787 1214 1842 memoria

207 1881 235 1927 et
260 1871 455 1940 intelligentia,
480 1887 536 1925 non
563 1875 654 1925 tamen
672 1870 767 1939 Pater,
796 1875 844 1924 aut
869 1869 971 1940 Filius,
998 1871 1140 1939 quianon
1171 1879 1233 1929 est·

206 1959 339 2014 memoria
363 1959 492 2027 gignens,
525 1973 576 2012 neo
602 1957 785 2024 intelligentia
810 1948 911 2026 genita
957 1957 1035 2023 Unus
1063 1959 1156 2028 itaque
1182 1961 1213 2017 iu

207 2062 311 2103 summa
327 2046 445 2101 essentia
461 2045 555 2114 Pater,
574 2061 646 2099 unus
663 2044 765 2114 Filius,
783 2060 854 2100 unua
872 2044 1008 2114 Spiritus:
1032 2051 1061 2100 et
1078 2062 1134 2101 nou
1153 2053 1212 2104 tres

205 2134 316 2205 Patren,
330 2148 381 2189 neo
398 2139 455 2188 tres
472 2122 554 2201 Filii,
572 2149 623 2188 neo
639 2132 699 2188 tres
718 2133 843 2203 Spiritus
1030 2124 1033 2130 ’

223 2310 404 2392 Quamdam
440 2309 492 2375 hio
524 2308 617 2376 video
651 2295 872 2392 quaestionem
907 2327 1084 2377 occurrere.
1127 2310 1211 2376 Nam

136 2419 163 2484 si
185 2418 283 2483 Pater
305 2416 351 2480 ita
374 2422 425 2480 est
445 2414 660 2496 intelligentia
682 2419 715 2480 et
738 2432 846 2495 amor,
869 2414 951 2480 sicut
975 2420 1024 2480 est
1046 2413 1211 2495 memoria,
1237 2475 1241 2481 .

135 2521 360 2588 et-Filius'sia
382 2526 432 2584 est
454 2519 609 2585 memoria
639 2524 673 2584 et
700 2536 808 2599 amor,
838 2519 996 2601 quomodo
1020 2523 1071 2584 est
1091 2517 1211 2583 intelli-

132 2627 264 2708 gentia,
292 2630 326 2691 et
349 2616 518 2707 utriusque
541 2623 682 2706 Spiritus
712 2643 778 2689 nou
800 2624 907 2689 miuus
929 2629 980 2689 est
1000 2623 1155 2688 memoria
1178 2627 1212 2688 at

132 2728 368 2811 intelligentia,
391 2749 486 2814 quam
509 2748 617 2796 amor:
640 2721 803 2811 quomodo
823 2726 893 2793 uon'
904 2733 955 2793 est
968 2729 1074 2807 Pater,
1097 2725 1210 2809 Filius,

135 2842 169 2902 et
191 2833 327 2918 alicujus
350 2824 509 2915 spiritns,
542 2840 575 2898 et
605 2852 706 2915 quare
738 2852 803 2898 nou
834 2837 884 2898 est
905 2832 1021 2927 Filius,
1054 2833 1153 2897 Pater
1176 2835 1211 2898 et

135 2939 271 3022 alicujus
294 2938 451 3020 Spiritus,
483 2942 516 3003 et
539 2954 595 3003 our
618 2955 683 3002 non
707 2941 757 3002 est
777 2936 863 3002 idem
887 2936 1044 3018 Spiritus,
1075 2937 1210 3019 alicuius

134 3043 231 3111 Pater
254 3050 288 3109 et
309 3043 445 3127 alicujus
467 3041 596 3109 Filius?
631 3042 677 3109 sic
698 3042 819 3125 quippe
840 3042 1096 3125 intelligebatur,
1124 3041 1228 3134 quod-

133 3149 287 3214 memoria
309 3154 396 3214 esset
417 3149 533 3226 Pater,
562 3148 663 3213 Filius
685 3148 930 3228 intelligentia„
946 3132 1114 3229 utriusque
1137 3143 1210 3225 spi-

133 3251 216 3317 ritus
239 3270 337 3317 amor.
382 3251 500 3316 Verum
524 3250 604 3316 haec
632 3252 778 3333 quaestio
808 3270 874 3318 nou
906 3249 1034 3316 difficile
1063 3248 1209 3328 solvitur,

70 3386 73 3391 ·
133 3355 162 3420 si
184 3373 240 3437 ea,
262 3350 346 3439 qua'e
364 3354 433 3440 J'am
455 3355 583 3419 ratione
604 3355 737 3422 iuventa
758 3361 844 3436 suut,
867 3357 1123 3429 considerautur.
1153 3350 1211 3416 Id·.

134 3460 217 3526 circo
248 3460 332 3524 euim
365 3448 430 3524 uou
462 3463 512 3524 est
532 3458 630 3524 Pater
659 3460 778 3539 Filius,
810 3466 866 3526 aut
899 3460 1036 3543 alicujus
1059 3455 1208 3538 Spiritus,

132 3563 274 3630 lieet-sit
295 3561 511 3643 intelligentia
533 3568 696 3645 atomon,
728 3563 804 3657 quia
833 3581 900 3629 nou
922 3569 974 3630 est
994 3559 1210 3640 intelligentia

133 3670 262 3750 genitu,
286 3674 344 3733 aut
366 3686 456 3733 amor
478 3669 519 3732 ab
541 3667 650 3751 aliquo
673 3668 872 3748 prooedens;
893 3669 953 3735 sed
976 3665 1127 3750 quioquid
1148 3667 1208 3744 est,

133 3775 270 3856 gignens
303 3780 354 3841 est
387 3777 532 3852 tautum,
567 3778 601 3838 et
632 3790 653 3837 a
685 3791 748 3855 quo
781 3772 942 3854 procedit
960 3770 1052 3836 alius.
1106 3767 1208 3834 Filius

132 3878 259 3960 quoqu‘e'
282 3878 355 3944 ideo
375 3897 444 3943 non
467 3883 518 3943 est
539 3876 736 3965 Pater,aut
757 3877 896 3959 alicujus
917 3875 1072 3957 Spiritum
1095 3889 1207 3956 quam-

133 3981 181 4049 vis
203 3984 310 4066 seipso
333 3989 368 4050 et
387 4001 511 4050 memor
532 3982 591 4062 sit,
614 3987 648 4050 et
669 3989 773 4062 amet3
794 3983 873 4065 quia
894 3994 960 4046 uon
982 3982 1034 4044 est
1054 3974 1209 4043 memoria
