2684 4546
647 254 708 317 107

142 423 246 498 locum
280 428 380 488 tuum.
427 422 589 502 Quaerere
622 426 655 488 te
688 420 835 502 affectat,
868 425 901 487 et
914 502 918 509 Ι
932 421 1059 504 ignorat
1089 421 1213 489 vultum

143 532 243 592 tuum.
274 526 428 603 Domine,
451 524 541 591 Deus
565 544 655 592 meus
679 544 732 608 es,
755 531 788 591 91
810 526 975 601 Dominus,
992 543 1081 595 meus
1105 544 1158 606 es;
1182 528 1214 593 et

143 650 307 714 nunquam
330 634 364 696 te
386 631 458 696 vidi.
503 630 549 696 Te
578 650 629 697 me
659 629 763 697 fecisti
798 635 831 694 et
863 627 1020 709 refecisti,
1053 633 1086 694 et
1108 627 1215 697 omnia

143 753 215 803 mea
237 733 322 803 bona
344 740 380 799 tu
402 735 478 801 mihi
501 735 680 817 contulisti,
714 740 746 800 et
768 735 909 801 noudum
935 732 1009 800 novi
1032 737 1072 799 te.
1116 731 1214 799 Deni-

141 858 204 923 que
227 839 268 907 ad
292 844 324 904 te
346 839 635 906 videndumfactus
651 858 749 917 sum}
765 843 798 904 et
820 840 962 905 nondum
984 836 1055 918 feci,
1080 842 1214 920 propter

142 943 228 1027 quod
250 941 355 1008 lactus
378 961 458 1008 sum.
504 945 530 1010 Ο
555 943 673 1010 misera
696 959 765 1007 sors
787 941 939 1022 bominis,
964 960 1035 1008 cum
1058 941 1119 1007 hoc
1140 959 1213 1023 per·

137 1032 239 1127 didit,
262 1049 303 1113 ad
326 1047 411 1129 quod
433 1046 539 1112 factus
563 1050 620 1112 est.
663 1048 689 1114 Ο
714 1046 814 1112 durus
846 1050 879 1110 et
911 1044 1000 1111 dirus
1023 1060 1116 1110 casus
1138 1041 1212 1110 11191

141 1150 229 1217 Η911
259 1151 335 1233 quid
365 1151 521 1232 perdidit,
553 1155 586 1215 et
609 1151 686 1232 quid
709 1148 857 1215 invenit?
887 1148 964 1230 quid
987 1148 1157 1227 abscessit,
1181 1151 1214 1215 et

141 1255 218 1338 quid
230 1257 406 1321 remansit?
429 1256 573 1322 Perdidit
588 1254 830 1334 beatitudiuem,
849 1253 888 1318 ad
908 1272 1002 1336 quam
1027 1251 1131 1319 factus
1154 1255 1212 1332 991,
1296 1287 1301 1295 -

141 1365 174 1426 91
195 1361 320 1426 invenit
330 1361 502 1442 miseriam,
519 1364 654 1443 propter
670 1377 765 1442 qnam
780 1354 885 1425 factus
908 1375 972 1421 non
996 1362 1060 1422 est:
1085 1356 1212 1421 absces-

140 1464 199 1544 sit,
232 1465 302 1530 siue
326 1483 389 1547 qno
412 1466 490 1531 nihil
514 1464 591 1532 felix
614 1469 680 1543 est,
715 1469 747 1529 et
781 1461 954 1541 remansit,
989 1461 1075 1543 quod
1096 1479 1155 1542 per
1177 1477 1212 1524 se

140 1569 269 1634 nonnisi
305 1571 456 1637 miserum
496 1575 554 1636 est.
600 1569 817 1636 Manducabat
848 1572 926 1633 tunc
961 1566 1056 1630 homo
1094 1581 1212 1645 panem

140 1674 342 1754 angelorum,
377 1692 472 1756 quem
504 1692 590 1739 nunc
621 1673 739 1752 esurit3
774 1672 952 1739 manducat·
976 1687 1063 1736 nuuc
1094 1685 1211 1750 panem

140 1777 299 1858 dolorum,
316 1797 427 1862 .quem
463 1782 541 1844 tnnc
574 1778 747 1844 nesciebat.
780 1775 881 1851 ΙΗ911
925 1774 1075 1857 publicus
1105 1772 1211 1841 luctus

68 1948 71 1957 ,
138 1881 319 1963 hominum,
344 1883 536 1950 universalis
557 1883 707 1966 planctus
729 1881 865 1947 filiorum
888 1877 998 1946 Adaei
1022 1877 1083 1944 llle
1104 1879 1211 1942 ructa·

138 1987 196 2052 bat
219 1989 403 2069 saturitate3
440 2008 498 2054 nos
534 1989 734 2070 suspiramus
766 1986 879 2053 esurie.
923 1984 981 2050 Ille
1014 1981 1210 2062 abundabat,

139 2109 199 2156 uos
212 2093 440 2160 mendicamus.
471 2093 530 2159 Ille
545 2093 680 2160 feliciter
696 2093 847 2172 tenebat,
871 2094 905 2156 et
919 2091 1036 2156 misere
1052 2087 1210 2165 deseruit;

139 2212 198 2260 nos
220 2194 392 2264 infeliciter
415 2215 561 2277 egemus,
593 2203 626 2263 et
653 2194 880 2262 miserabiliter
910 2193 1147 2273 desideramus3
1178 2194 1211 2258 et

137 2297 217 2365 haul
241 2301 334 2367 vacui
357 2317 569 2365 remanemus.
616 2298 682 2364 Gur
698 2316 770 2365 -uon
798 2297 889 2363 uobis
920 2295 1108 2374 custodivit,
1138 2311 1210 2360 cum

137 2400 231 2469 facile
262 2409 388 2485 posset,
421 2421 483 2485 quo
514 2407 579 2471 tam
609 2403 751 2484 graviter
785 2399 991 2470 careremus?
1028 2400 1136 2479 Quare
1164 2397 1212 2465 919

55 2548 57 2553 .
138 2507 230 2572 nobis
254 2507 416 2573 obseravit
438 2509 562 2587 lucem,
586 2510 619 2571 et
641 2507 775 2573 obduxit
797 2524 855 2572 uos
877 2504 1042 2574 tenebris?
1065 2503 1111 2570 Ut
1132 2501 1209 2585 quid

136 2610 271 2676 abstulit
294 2612 386 2678 uobis
402 2612 516 2692 vitam,
541 2617 573 2677 91
587 2610 877 2677 inflixltmcrtem?
901 2607 1099 2688 Acrumuosi,
1122 2606 1210 2671 uude

137 2732 246 2781 sumus
270 2715 412 2797 expulsi,
447 2736 509 2801 qno
541 2734 652 2782 sumus
674 2716 829 2798 impulsi?
865 2715 960 2781 Unde
983 2709 1209 2795 praecipitati?

137 2818 207 2896 Quo
231 2821 360 2887 obruti?
384 2823 412 2887 A
435 2821 542 2904 patria
564 2821 598 2887 in
621 2821 767 2901 exilium,
791 2838 810 2886 a
833 2819 954 2886 risione
972 2817 1031 2884 Dei
1053 2817 1086 2882 iu
1110 2813 1208 2883 caeci·

136 2925 234 3019 tatem
258 2929 420 3005 nostram,
451 2945 471 2990 a
496 2925 700 3008 jucunditate
729 2922 977 2989 immortalitatis
999 2923 1033 2988 iu
1056 2921 1209 2987 amaritu-

136 3025 244 3091 dinem
274 3035 306 3093 et
334 3029 501 3097 horrorem
532 3032 653 3096 mortis.
697 3029 817 3095 Misera
849 3029 983 3093 mutatio
1016 3026 1057 3091 de
1087 3027 1208 3106 quanto

136 3129 218 3194 bono
240 3130 274 3195 in
298 3136 454 3213 quantum
478 3133 616 3198 maluml
647 3133 755 3200 Grave
778 3133 945 3212 damnum,
975 3129 1082 3212 gravis
1106 3126 1206 3206 dolor,

135 3253 233 3315 grave
255 3242 367 3304 totum.
415 3238 479 3304 Sed
511 3237 576 3304 heu
605 3258 656 3305 me
680 3239 846 3319 miserum,
870 3255 970 3302 nuum
993 3235 1033 3300 de
1056 3232 1126 3300 aliis
1149 3231 1208 3296 mi·

135 3340 216 3404 seris
238 3339 310 3407 filiis
333 3343 439 3424 Evae,
470 3343 629 3427 elongatis
652 3363 672 3410 a
693 3343 778 3410 Deol
816 3343 901 3425 Quid
934 3339 1083 3422 incoepi?
1122 3338 1206 3417 Quid

136 3441 248 3508 effeci?
272 3445 341 3521 Quo
358 3448 553 3515 tendebam?
578 3450 647 3528 Quo
665 3447 803 3516 deveni?
828 3448 878 3514 Ad
900 3447 977 3531 quid
998 3441 1206 3528 aspirabam?

134 3545 172 3610 In
210 3546 327 3629 quibus
364 3552 513 3630 suspiro?
551 3553 704 3633 Quaesivi
739 3554 840 3634 bona,
878 3558 911 3619 91
942 3571 1016 3620 9999
1053 3551 1204 3617 turbatio.

135 3647 321 3717 Tendebam
344 3652 377 3717 in
401 3653 521 3735 Deum,
556 3660 590 3722 91
620 3655 741 3722 offendi
774 3656 808 3722 in
839 3658 1005 3739 meipsum.
1050 3654 1206 3737 Requiem

135 3756 330 3836 quaerebam
353 3757 388 3822 in
410 3763 534 3823 secreto
565 3778 651 3840 meo,
682 3765 729 3837 et,
745 3760 984 3827 tribulationem
1007 3764 1040 3826 et
1063 3759 1204 3826 dolorem

133 3857 243 3925 inveni
265 3859 298 3926 in
320 3861 442 3928 intimis
465 3861 553 3927 meis.
598 3863 753 3931 Volebam
774 3864 881 3932 ridere
903 3883 925 3930 a
946 3863 1065 3946 gaudio
1088 3862 1205 3931 1991119

133 3979 241 4044 meas,
271 3968 305 4041 et
326 3984 423 4050 cogor
446 3967 554 4052 rugire
577 3986 598 4036 a
619 3968 741 4052 gemitu
763 3969 871 4043 cordis
890 3968 962 4037 mei.
1008 3967 1206 4052 Sperabatur·
