2684 4546
544 222 680 322 'aa

134 446 243 497 amare
265 448 424 497 summum
445 429 582 512 bonurn,
615 429 834 514 cognoscitur,¹
863 426 1013 494 nimirum
1035 425 1116 495 nihil
1138 431 1206 495 tam

134 536 308 619 praecipue
341 536 461 602 debere
493 534 577 601 velle
600 535 810 601 convincitur.
866 532 947 612 Quis
979 531 1064 597 enim
1098 537 1207 614 neget,

56 687 59 694 ·
134 657 343 741 quaecunque
358 639 492 706 meliora
514 639 622 705 sunt
612 658 646 704 ιιι
669 642 846 721 potestate,
871 656 909 703 ea
931 638 1032 718 magis
1055 653 1128 706 esse
1151 640 1207 704 de·

133 734 242 808 bere
232 761 267 808 ru
294 742 427 810 volunta
428 743 489 808 te?
535 743 681 825 Denique
711 739 860 807 rationali
893 747 1030 807 naturae
1061 748 1126 807 ndu
1157 746 1209 809 est

133 847 220 913 aliud
244 864 315 912 esso
337 847 544 926 rationalem,
578 865 673 930 quom
707 862 804 928 posse
838 846 1021 913 discernere
1040 847 1209 930 justnma

134 969 198 1016 non
217 951 324 1033 Justo,·
347 968 458 1015 verum
481 966 502 1014 a
525 967 588 1013 non
613 967 705 1030 vero,
740 950 861 1016 bonum
884 968 905 1015 a
927 969 992 1015 non
1015 951 1118 1032 bono,
1140 970 1208 1017 ma·

134 1055 183 1135 gis
205 1055 325 1122 bonurn
349 1073 368 1120 a
389 1053 496 1120 minus
518 1040 633 1120 bonoz'
654 1054 715 1120 hoe
737 1058 845 1119 antem
867 1071 963 1136 posse
984 1055 1114 1120 omnino
1136 1055 1208 1121 iun·

133 1159 191 1224 tile
213 1163 263 1224 est
284 1159 331 1224 illi
355 1164 388 1225 et
410 1177 661 1244 supervacuum,
686 1161 748 1226 nisi
770 1160 856 1244 quod
872 1160 1027 1227 discernit
1048 1168 1135 1229 amet
1157 1162 1209 1228 vel

133 1262 286 1344 reprobet
323 1267 499 1332 secundum
537 1284 632 1331 verae
666 1265 879 1332 discretionis·
902 1265 1069 1349 judicium.
1124 1266 1210 1333 Hinc

133 1367 243 1452 itaque
265 1369 345 1435 satis
367 1375 517 1453 patenter
545 1371 675 1440 videtur
697 1390 791 1437 omne
813 1370 974 1438 rationale
996 1370 1037 1437 ad
1060 1369 1120 1437 hoc
1143 1371 1209 1436 exi-

135 1478 237 1555 stere,
270 1479 307 1539 ut
337 1475 420 1542 sicut
452 1475 577 1540 ratione
612 1474 814 1541 discretionis
849 1475 970 1559 aliquid
1004 1476 1123 1556 magis,
1156 1475 1209 1542 rel

134 1577 239 1643 minus
270 1578 389 1643 bonum
420 1579 487 1644 sive
521 1597 585 1644 non
619 1579 739 1645 bonum
770 1578 915 1662 jndicat3
949 1580 995 1644 ita
1023 1581 1124 1664 magis
1152 1584 1211 1646 aut

133 1684 237 1749 minus
258 1683 293 1748 id
315 1686 416 1763 amet,
447 1686 509 1747 ant
525 1689 668 1785 respuat
699 1683 784 1749 Nihil
807 1684 906 1764 igitur
928 1685 1089 1767 apertius,
1113 1700 1209 1768 quam

134 1789 323 1855 rationalem
347 1777 530 1858 creaturam
559 1790 601 1854 ad
630 1790 703 1857 hoc
724 1786 960 1869 rarefactam,
994 1795 1210 1855 utsummam
1290 1854 1295 1859 .

135 1894 308 1960 essentiam
333 1899 419 1960 amet
449 1912 577 1979 super
577 1895 686 1961 omnia
714 1895 816 1976 bona,
850 1895 964 1961 sicut
955 1913 1028 1977 rpsa
1050 1899 1101 1961 est
1123 1912 1210 1960 sum-

33 2072 45 2083 „
133 2018 221 2065 mum
244 2000 382 2066 bonnm:
412 1999 475 2064 imo
498 2005 535 2065 ut
558 2000 637 2065 nihil
659 2004 742 2066 amet
769 2001 830 2066 nisi
853 2001 962 2080 illam,
991 2005 1048 2066 aut
1075 2003 1211 2086 propter

134 2103 246 2184 illam,
264 2104 340 2188 qnia
361 2104 418 2170 illa
440 2110 491 2171 est
512 2105 599 2171 bona
613 2124 673 2188 per
694 2123 746 2187 se,
771 2110 804 2172 et
820 2105 898 2171 nihil
913 2104 1001 2172 aliud
1017 2107 1067 2172 est
1087 2105 1208 2172 bonum

136 2209 199 2276 nisi
218 2227 279 2292 per
299 2210 397 2276 illam.
442 2210 561 2275 Amare
582 2213 691 2276 antem
716 2227 787 2276 eam
811 2209 939 2294 nequit,
971 2209 1033 2276 nisi
1063 2201 1134 2291 ejus
1156 2227 1209 2275 re·

135 2313 259 2379 minisci
293 2320 326 2382 et
355 2333 425 2382 eam
455 2315 617 2380 studuerit
645 2315 835 2396 intelligere.
881 2314 1012 2381 Clarum
1048 2319 1099 2380 est
1120 2332 1208 2396 ergo,
1281 2350 1284 2354 >

134 2419 326 2486 rationalem
349 2424 530 2488 ereaturam
553 2425 656 2487 toturn
677 2439 770 2488 suum
798 2437 895 2503 posse
918 2425 951 2486 et
973 2419 1057 2486 velle
1078 2419 1120 2484 ad
1142 2436 1208 2484 me·

135 2524 343 2606 morandum,
392 2528 425 2592 et
460 2526 722 2608 intelligendum,
747 2529 804 2617 'et
839 2525 1011 2591 amandum
1049 2540 1208 2589 summum

134 2627 253 2695 bonum
274 2628 463 2723 impendere
490 2619 627 2712 debeis,
661 2633 702 2697 ad
725 2630 811 2715 quod
832 2629 938 2712 ipsum
962 2646 1034 2696 esse
1056 2645 1150 2694 suum
1173 2645 1210 2694 se

135 2735 299 2815 cognoscit
321 2735 451 2803 habere.

529 2958 669 3028 CAPUT
692 2959 806 3026 LXIX.
880 2986 886 2997 ·

190 3097 268 3167 Quod
285 3099 377 3154 anima
394 3114 501 3169 semper
517 3097 591 3153 illam
608 3112 702 3163 amans
719 3060 866 3167 aliquando
884 3112 947 3152 raro
964 3095 1044 3153 beate
1061 3095 1140 3151 vivat

134 3221 353 3290 conspectur
379 3217 520 3288 capitis.
551 3245 582 3257 -
612 3217 650 3271 At
674 3217 899 3291 animahumqm
917 3215 1117 3295 corrationalis
1136 3229 1209 3272 oreo
1250 3198 1256 3207 ¹

203 3316 273 3363 tura.
309 3308 383 3377 Ergo
401 3307 436 3361 ad
453 3307 505 3362 hoo
531 3305 604 3360 iacta
630 3311 685 3375 est,
714 3311 745 3361 ut
763 3311 836 3361 amet
853 3320 985 3360 summam
1003 3303 1163 3372 essentiam,
1181 3307 1210 3358 et

148 3436 153 3445 ,
204 3394 313 3464 quidem
336 3395 395 3451 sine
418 3394 480 3451 fine.
515 3394 599 3451 Nefas
618 3395 689 3450 enim
707 3399 750 3449 est
766 3394 928 3464 aestimare,
954 3393 1026 3462 quod
1045 3407 1151 3448 summa
1168 3407 1209 3447 sa·

204 3482 310 3553 pientia
321 3498 382 3538 eam
394 3482 488 3539 adhoc
506 3481 611 3552 fecerit,
630 3481 826 3551 utaliquando
844 3482 887 3537 rel
905 3486 1002 3551 sponte
1015 3479 1060 3535 rel
1075 3479 1209 3534 violenter

204 3569 279 3630 hunc
296 3585 415 3626 aurorem
433 3572 549 3627 amittat.
584 3572 681 3628 Restat
698 3571 798 3640 igitur,
823 3585 882 3626 earn
901 3584 961 3626 esse
979 3568 1015 3625 ad
1032 3568 1085 3624 hoo
1101 3566 1209 3636 iactam

203 3664 236 3713 nt
252 3658 312 3714 siue
328 3657 382 3715 fine
408 3666 482 3716 amet
508 3675 639 3716 summam
666 3659 819 3715 assentiam.
856 3659 894 3714 At
910 3657 963 3714 hoa
979 3646 1072 3719 faeere
1089 3670 1142 3710 non
1161 3668 1208 3725 po·

203 3749 271 3814 test,
296 3745 350 3802 nisi
376 3760 483 3816 semper
500 3747 581 3801 vivat.
616 3746 661 3802 Sio
679 3747 764 3816 igitur
782 3750 824 3802 est
841 3744 929 3812 laeta,
955 3747 992 3821 ιιι
1004 3756 1111 3811 semper
1126 3739 1210 3810 rival,

205 3832 229 3886 si
248 3847 356 3903 sempor
363 3833 429 3890 velit
444 3833 474 3889 id
482 3834 579 3904 fatere,
588 3833 623 3889 ad
633 3833 705 3904 quod
714 3835 787 3890 facta
796 3838 844 3889 et.
868 3826 975 3915 Deinde
988 3827 1047 3884 Deo
1065 3827 1137 3883 bono
1154 3842 1210 3882 non

205 3921 338 3992 convenit,
357 3928 388 3978 ιιι
406 3921 478 3992 quod
497 3921 563 3978 fecit
581 3921 684 3978 essead
697 3936 726 3979 se
744 3918 902 3986 amandum,
919 3914 949 3971 id
967 3915 1050 3971 faciat
1068 3930 1123 3970 non
1142 3928 1210 3984 esso,

204 3997 333 4076 quamdiu
348 4024 414 4066 rere
431 4010 577 4080 amaverit3
605 4014 633 4066 et
655 4008 730 4079 quod
754 4011 852 4078 sponte
868 4003 945 4061 dedit
961 4018 1016 4061 non
1034 4001 1151 4072 manti,
1177 4005 1209 4056 nt
