<?xml version="1.0" encoding="UTF-8"?>
<!DOCTYPE html PUBLIC "-//W3C//DTD XHTML 1.0 Transitional//EN"
    "http://www.w3.org/TR/xhtml1/DTD/xhtml1-transitional.dtd">
<html xmlns="http://www.w3.org/1999/xhtml" xml:lang="en" lang="en">
 <head>
  <title>
</title>
<meta http-equiv="Content-Type" content="text/html;charset=utf-8" />
  <meta name='ocr-system' content='tesseract 3.04.00' />
  <meta name='ocr-capabilities' content='ocr_page ocr_carea ocr_par ocr_line ocrx_word'/>
</head>
<body>
  <div class='ocr_page' id='page_1' title='image "./monologiumetpro00ansegoog_0101.png"; bbox 0 0 2684 4546; ppageno 0'>
   <div class='ocr_carea' id='block_1_1' title="bbox 117 257 1293 2083">
    <p class='ocr_par' dir='ltr' id='par_1_1' title="bbox 117 257 1293 2083">
     <span class='ocr_line' id='line_1_1' title="bbox 652 257 694 322; baseline 0 0"><span class='ocrx_word' id='word_1_1' title='bbox 652 257 694 322; x_wconf 78' lang='grc'><strong>90</strong></span> 
     </span>
     <span class='ocr_line' id='line_1_2' title="bbox 137 427 1210 527; baseline 0 -31"><span class='ocrx_word' id='word_1_2' title='bbox 137 428 222 496; x_wconf 89' lang='lat' dir='ltr'><strong>inter</strong></span> <span class='ocrx_word' id='word_1_3' title='bbox 243 433 353 527; x_wconf 73' lang='lat' dir='ltr'><strong>creata</strong></span> <span class='ocrx_word' id='word_1_4' title='bbox 376 432 501 496; x_wconf 87' lang='lat' dir='ltr'><strong>constet</strong></span> <span class='ocrx_word' id='word_1_5' title='bbox 521 427 568 496; x_wconf 87' lang='lat' dir='ltr'><strong>illi</strong></span> <span class='ocrx_word' id='word_1_6' title='bbox 584 445 656 494; x_wconf 89' lang='lat' dir='ltr'><strong>esse</strong></span> <span class='ocrx_word' id='word_1_7' title='bbox 678 427 830 510; x_wconf 88' lang='lat' dir='ltr'><strong>similius,</strong></span> <span class='ocrx_word' id='word_1_8' title='bbox 851 428 886 495; x_wconf 90' lang='lat' dir='ltr'><strong>ld</strong></span> <span class='ocrx_word' id='word_1_9' title='bbox 909 446 1042 496; x_wconf 89' lang='lat' dir='ltr'><strong>necesse</strong></span> <span class='ocrx_word' id='word_1_10' title='bbox 1063 432 1210 496; x_wconf 87' lang='lat' dir='ltr'><strong>estesse</strong></span> 
     </span>
     <span class='ocr_line' id='line_1_3' title="bbox 138 533 1208 617; baseline -0.001 -17"><span class='ocrx_word' id='word_1_11' title='bbox 138 539 255 601; x_wconf 89' lang='lat' dir='ltr'><strong>natura</strong></span> <span class='ocrx_word' id='word_1_12' title='bbox 275 534 505 617; x_wconf 78' lang='lat' dir='ltr'><strong>praestantius.</strong></span> <span class='ocrx_word' id='word_1_13' title='bbox 549 534 754 616; x_wconf 83' lang='lat' dir='ltr'>Quapropter</span> <span class='ocrx_word' id='word_1_14' title='bbox 781 533 815 598; x_wconf 92' lang='lat' dir='ltr'><strong>id</strong></span> <span class='ocrx_word' id='word_1_15' title='bbox 846 537 879 599; x_wconf 91' lang='lat' dir='ltr'><strong>et</strong></span> <span class='ocrx_word' id='word_1_16' title='bbox 907 551 967 614; x_wconf 93' lang='lat' dir='ltr'><strong>per</strong></span> <span class='ocrx_word' id='word_1_17' title='bbox 988 533 1142 616; x_wconf 77' lang='lat' dir='ltr'><strong>maiorem</strong></span> <span class='ocrx_word' id='word_1_18' title='bbox 1164 534 1208 600; x_wconf 89' lang='lat' dir='ltr'><strong>si·</strong></span> 
     </span>
     <span class='ocr_line' id='line_1_4' title="bbox 136 637 1211 723; baseline -0.001 -18"><span class='ocrx_word' id='word_1_19' title='bbox 136 639 348 723; x_wconf 72' lang='lat' dir='ltr'>militudinem</span> <span class='ocrx_word' id='word_1_20' title='bbox 365 640 460 720; x_wconf 38' lang='lat' dir='ltr'><strong>,plus</strong></span> <span class='ocrx_word' id='word_1_21' title='bbox 501 640 597 722; x_wconf 83' lang='lat' dir='ltr'><strong>juvat</strong></span> <span class='ocrx_word' id='word_1_22' title='bbox 640 644 782 704; x_wconf 86' lang='lat' dir='ltr'><strong>mentem</strong></span> <span class='ocrx_word' id='word_1_23' title='bbox 820 637 1026 718; x_wconf 83' lang='lat' dir='ltr'><strong>indagantem</strong></span> <span class='ocrx_word' id='word_1_24' title='bbox 1064 656 1211 720; x_wconf 80' lang='lat' dir='ltr'><strong>summae</strong></span> 
     </span>
     <span class='ocr_line' id='line_1_5' title="bbox 137 742 1209 828; baseline 0.002 -19"><span class='ocrx_word' id='word_1_25' title='bbox 137 744 264 810; x_wconf 87' lang='lat' dir='ltr'><strong>veritati</strong></span> <span class='ocrx_word' id='word_1_26' title='bbox 290 744 525 828; x_wconf 80' lang='lat' dir='ltr'><strong>propinquare3</strong></span> <span class='ocrx_word' id='word_1_27' title='bbox 557 749 589 810; x_wconf 92' lang='lat' dir='ltr'><strong>et</strong></span> <span class='ocrx_word' id='word_1_28' title='bbox 617 763 676 826; x_wconf 87' lang='lat' dir='ltr'><strong>per</strong></span> <span class='ocrx_word' id='word_1_29' title='bbox 706 742 964 809; x_wconf 83' lang='lat' dir='ltr'><strong>excellentiorem</strong></span> <span class='ocrx_word' id='word_1_30' title='bbox 994 747 1138 808; x_wconf 87' lang='lat' dir='ltr'><strong>creatam</strong></span> <span class='ocrx_word' id='word_1_31' title='bbox 1157 760 1209 811; x_wconf 84' lang='lat' dir='ltr'><strong>es·</strong></span> 
     </span>
     <span class='ocr_line' id='line_1_6' title="bbox 137 842 1210 933; baseline 0.001 -22"><span class='ocrx_word' id='word_1_32' title='bbox 137 848 272 914; x_wconf 87' lang='lat' dir='ltr'><strong>sentiam</strong></span> <span class='ocrx_word' id='word_1_33' title='bbox 301 850 374 931; x_wconf 92' lang='lat' dir='ltr'><strong>plus</strong></span> <span class='ocrx_word' id='word_1_34' title='bbox 407 849 517 929; x_wconf 91' lang='lat' dir='ltr'><strong>docet,</strong></span> <span class='ocrx_word' id='word_1_35' title='bbox 550 849 627 933; x_wconf 90' lang='lat' dir='ltr'><strong>quid</strong></span> <span class='ocrx_word' id='word_1_36' title='bbox 650 849 691 913; x_wconf 90' lang='lat' dir='ltr'><strong>de</strong></span> <span class='ocrx_word' id='word_1_37' title='bbox 714 851 845 913; x_wconf 89' lang='lat' dir='ltr'><strong>creante</strong></span> <span class='ocrx_word' id='word_1_38' title='bbox 875 865 966 915; x_wconf 87' lang='lat' dir='ltr'><strong>mens</strong></span> <span class='ocrx_word' id='word_1_39' title='bbox 997 847 1070 929; x_wconf 89' lang='lat' dir='ltr'><strong>ipsa</strong></span> <span class='ocrx_word' id='word_1_40' title='bbox 1092 842 1210 914; x_wconf 81' lang='lat' dir='ltr'><strong>debeat</strong></span> 
     </span>
     <span class='ocr_line' id='line_1_7' title="bbox 136 950 1208 1036; baseline -0.001 -19"><span class='ocrx_word' id='word_1_41' title='bbox 136 953 318 1018; x_wconf 89' lang='lat' dir='ltr'><strong>aestimare.</strong></span> <span class='ocrx_word' id='word_1_42' title='bbox 363 953 478 1020; x_wconf 85' lang='lat' dir='ltr'><strong>Procul</strong></span> <span class='ocrx_word' id='word_1_43' title='bbox 512 954 608 1020; x_wconf 90' lang='lat' dir='ltr'><strong>dubio</strong></span> <span class='ocrx_word' id='word_1_44' title='bbox 631 954 741 1036; x_wconf 89' lang='lat' dir='ltr'><strong>itaque</strong></span> <span class='ocrx_word' id='word_1_45' title='bbox 763 958 854 1018; x_wconf 88' lang='lat' dir='ltr'><strong>tanto</strong></span> <span class='ocrx_word' id='word_1_46' title='bbox 877 952 974 1019; x_wconf 90' lang='lat' dir='ltr'><strong>altius</strong></span> <span class='ocrx_word' id='word_1_47' title='bbox 996 950 1136 1018; x_wconf 85' lang='lat' dir='ltr'><strong>creatrix</strong></span> <span class='ocrx_word' id='word_1_48' title='bbox 1157 967 1208 1016; x_wconf 88' lang='lat' dir='ltr'><strong>es-</strong></span> 
     </span>
     <span class='ocr_line' id='line_1_8' title="bbox 136 1057 1208 1150; baseline 0.001 -30"><span class='ocrx_word' id='word_1_49' title='bbox 136 1057 243 1121; x_wconf 89' lang='lat' dir='ltr'><strong>sentia</strong></span> <span class='ocrx_word' id='word_1_50' title='bbox 264 1060 483 1150; x_wconf 86' lang='lat' dir='ltr'><strong>cognoscitur,</strong></span> <span class='ocrx_word' id='word_1_51' title='bbox 515 1064 635 1143; x_wconf 90' lang='lat' dir='ltr'><strong>quanto</strong></span> <span class='ocrx_word' id='word_1_52' title='bbox 664 1077 724 1141; x_wconf 89' lang='lat' dir='ltr'><strong>per</strong></span> <span class='ocrx_word' id='word_1_53' title='bbox 750 1057 1013 1141; x_wconf 86' lang='lat' dir='ltr'><strong>propinquiorem</strong></span> <span class='ocrx_word' id='word_1_54' title='bbox 1035 1057 1096 1122; x_wconf 93' lang='lat' dir='ltr'><strong>sibi</strong></span> <span class='ocrx_word' id='word_1_55' title='bbox 1119 1072 1208 1122; x_wconf 84' lang='lat' dir='ltr'><strong>crea·</strong></span> 
     </span>
     <span class='ocr_line' id='line_1_9' title="bbox 136 1161 1207 1246; baseline -0.002 -19"><span class='ocrx_word' id='word_1_56' title='bbox 136 1163 242 1227; x_wconf 88' lang='lat' dir='ltr'><strong>turam</strong></span> <span class='ocrx_word' id='word_1_57' title='bbox 265 1162 443 1246; x_wconf 91' lang='lat' dir='ltr'><strong>indagatur.</strong></span> <span class='ocrx_word' id='word_1_58' title='bbox 487 1163 568 1230; x_wconf 89' lang='lat' dir='ltr'><strong>Nam</strong></span> <span class='ocrx_word' id='word_1_59' title='bbox 593 1164 678 1245; x_wconf 91' lang='lat' dir='ltr'><strong>quod</strong></span> <span class='ocrx_word' id='word_1_60' title='bbox 702 1163 806 1229; x_wconf 92' lang='lat' dir='ltr'><strong>omnis</strong></span> <span class='ocrx_word' id='word_1_61' title='bbox 830 1163 990 1240; x_wconf 88' lang='lat' dir='ltr'><strong>essentia,</strong></span> <span class='ocrx_word' id='word_1_62' title='bbox 1013 1161 1207 1242; x_wconf 85' lang='lat' dir='ltr'><strong>inquantum</strong></span> 
     </span>
     <span class='ocr_line' id='line_1_10' title="bbox 117 1258 1293 1353; baseline 0.001 -24"><span class='ocrx_word' id='word_1_63' title='bbox 117 1270 202 1343; x_wconf 76' lang='lat' dir='ltr'><strong>est,</strong></span> <span class='ocrx_word' id='word_1_64' title='bbox 236 1265 399 1333; x_wconf 91' lang='lat' dir='ltr'><strong>intantum</strong></span> <span class='ocrx_word' id='word_1_65' title='bbox 423 1269 466 1334; x_wconf 87' lang='lat' dir='ltr'><strong>sit</strong></span> <span class='ocrx_word' id='word_1_66' title='bbox 488 1269 600 1334; x_wconf 90' lang='lat' dir='ltr'><strong>similis</strong></span> <span class='ocrx_word' id='word_1_67' title='bbox 633 1286 778 1353; x_wconf 89' lang='lat' dir='ltr'><strong>summae</strong></span> <span class='ocrx_word' id='word_1_68' title='bbox 812 1261 992 1346; x_wconf 85' lang='lat' dir='ltr'><strong>essentiae,</strong></span> <span class='ocrx_word' id='word_1_69' title='bbox 1025 1265 1107 1331; x_wconf 88' lang='lat' dir='ltr'><strong>ratio</strong></span> <span class='ocrx_word' id='word_1_70' title='bbox 1138 1265 1207 1348; x_wconf 89' lang='lat' dir='ltr'><strong>jam</strong></span> <span class='ocrx_word' id='word_1_71' title='bbox 1285 1258 1293 1277; x_wconf 82' lang='lat'><strong><em>‘</em></strong></span> 
     </span>
     <span class='ocr_line' id='line_1_11' title="bbox 135 1369 1207 1459; baseline -0.001 -24"><span class='ocrx_word' id='word_1_72' title='bbox 135 1378 235 1459; x_wconf 86' lang='lat' dir='ltr'><strong>supra</strong></span> <span class='ocrx_word' id='word_1_73' title='bbox 256 1373 460 1440; x_wconf 88' lang='lat' dir='ltr'><strong>considerata</strong></span> <span class='ocrx_word' id='word_1_74' title='bbox 488 1375 636 1440; x_wconf 90' lang='lat' dir='ltr'><strong>dubitare</strong></span> <span class='ocrx_word' id='word_1_75' title='bbox 659 1392 723 1439; x_wconf 93' lang='lat' dir='ltr'><strong>non</strong></span> <span class='ocrx_word' id='word_1_76' title='bbox 753 1371 918 1454; x_wconf 85' lang='lat' dir='ltr'><strong>permittit.</strong></span> <span class='ocrx_word' id='word_1_77' title='bbox 961 1372 1056 1437; x_wconf 88' lang='lat' dir='ltr'><strong>Patet</strong></span> <span class='ocrx_word' id='word_1_78' title='bbox 1085 1369 1207 1452; x_wconf 89' lang='lat' dir='ltr'><strong>itaque,</strong></span> 
     </span>
     <span class='ocr_line' id='line_1_12' title="bbox 136 1465 1207 1557; baseline -0.001 -18"><span class='ocrx_word' id='word_1_79' title='bbox 136 1475 212 1557; x_wconf 90' lang='lat' dir='ltr'><strong>quia</strong></span> <span class='ocrx_word' id='word_1_80' title='bbox 234 1475 317 1543; x_wconf 89' lang='lat' dir='ltr'><strong>sicut</strong></span> <span class='ocrx_word' id='word_1_81' title='bbox 339 1480 415 1544; x_wconf 47' lang='lat' dir='ltr'><strong>sola,</strong></span> <span class='ocrx_word' id='word_1_82' title='bbox 429 1483 479 1544; x_wconf 88' lang='lat' dir='ltr'><strong>est</strong></span> <span class='ocrx_word' id='word_1_83' title='bbox 492 1465 766 1544; x_wconf 40' lang='lat' dir='ltr'><strong>mens‘rationalis</strong></span> <span class='ocrx_word' id='word_1_84' title='bbox 787 1477 882 1543; x_wconf 88' lang='lat' dir='ltr'><strong>inter·</strong></span> <span class='ocrx_word' id='word_1_85' title='bbox 895 1494 1007 1542; x_wconf 89' lang='lat' dir='ltr'><strong>omnes</strong></span> <span class='ocrx_word' id='word_1_86' title='bbox 1030 1481 1207 1554; x_wconf 88' lang='lat' dir='ltr'><strong>creaturas,</strong></span> 
     </span>
     <span class='ocr_line' id='line_1_13' title="bbox 135 1578 1207 1666; baseline 0.001 -22"><span class='ocrx_word' id='word_1_87' title='bbox 135 1598 219 1663; x_wconf 91' lang='lat' dir='ltr'><strong>quae</strong></span> <span class='ocrx_word' id='word_1_88' title='bbox 241 1582 281 1646; x_wconf 91' lang='lat' dir='ltr'><strong>ad</strong></span> <span class='ocrx_word' id='word_1_89' title='bbox 306 1583 376 1664; x_wconf 77' lang='lat' dir='ltr'><strong>eJus</strong></span> <span class='ocrx_word' id='word_1_90' title='bbox 395 1583 673 1666; x_wconf 84' lang='lat' dir='ltr'><strong>investigationem</strong></span> <span class='ocrx_word' id='word_1_91' title='bbox 689 1601 859 1666; x_wconf 87' lang='lat' dir='ltr'><strong>assurgere</strong></span> <span class='ocrx_word' id='word_1_92' title='bbox 874 1582 1001 1660; x_wconf 87' lang='lat' dir='ltr'><strong>valeat;</strong></span> <span class='ocrx_word' id='word_1_93' title='bbox 1022 1581 1070 1645; x_wconf 87' lang='lat' dir='ltr'><strong>ita</strong></span> <span class='ocrx_word' id='word_1_94' title='bbox 1092 1578 1207 1645; x_wconf 89' lang='lat' dir='ltr'><strong>nihilo·</strong></span> 
     </span>
     <span class='ocr_line' id='line_1_14' title="bbox 135 1684 1207 1771; baseline 0.003 -23"><span class='ocrx_word' id='word_1_95' title='bbox 135 1684 242 1748; x_wconf 89' lang='lat' dir='ltr'><strong>minus</strong></span> <span class='ocrx_word' id='word_1_96' title='bbox 272 1684 385 1751; x_wconf 90' lang='lat' dir='ltr'><strong>eadem</strong></span> <span class='ocrx_word' id='word_1_97' title='bbox 418 1686 488 1753; x_wconf 91' lang='lat' dir='ltr'><strong>sola</strong></span> <span class='ocrx_word' id='word_1_98' title='bbox 521 1692 586 1771; x_wconf 89' lang='lat' dir='ltr'><strong>est,</strong></span> <span class='ocrx_word' id='word_1_99' title='bbox 618 1706 677 1771; x_wconf 95' lang='lat' dir='ltr'><strong>per</strong></span> <span class='ocrx_word' id='word_1_100' title='bbox 709 1705 806 1771; x_wconf 90' lang='lat' dir='ltr'><strong>quam</strong></span> <span class='ocrx_word' id='word_1_101' title='bbox 836 1686 973 1751; x_wconf 82' lang='lat' dir='ltr'><strong>maxime</strong></span> <span class='ocrx_word' id='word_1_102' title='bbox 1006 1685 1143 1767; x_wconf 90' lang='lat' dir='ltr'><strong>ipsamet</strong></span> <span class='ocrx_word' id='word_1_103' title='bbox 1165 1685 1207 1751; x_wconf 91' lang='lat' dir='ltr'><strong>ad</strong></span> 
     </span>
     <span class='ocr_line' id='line_1_15' title="bbox 136 1788 1206 1876; baseline 0.001 -24"><span class='ocrx_word' id='word_1_104' title='bbox 136 1789 279 1870; x_wconf 89' lang='lat' dir='ltr'><strong>ejusdem</strong></span> <span class='ocrx_word' id='word_1_105' title='bbox 295 1790 514 1858; x_wconf 82' lang='lat' dir='ltr'><strong>inventionem</strong></span> <span class='ocrx_word' id='word_1_106' title='bbox 536 1790 690 1876; x_wconf 87' lang='lat' dir='ltr'><strong>proficere</strong></span> <span class='ocrx_word' id='word_1_107' title='bbox 716 1795 822 1876; x_wconf 90' lang='lat' dir='ltr'><strong>queat.</strong></span> <span class='ocrx_word' id='word_1_108' title='bbox 852 1791 934 1856; x_wconf 87' lang='lat' dir='ltr'><strong>Nam</strong></span> <span class='ocrx_word' id='word_1_109' title='bbox 953 1789 1026 1872; x_wconf 78' lang='lat' dir='ltr'><strong>Jam</strong></span> <span class='ocrx_word' id='word_1_110' title='bbox 1045 1788 1206 1871; x_wconf 91' lang='lat' dir='ltr'><strong>cognitum</strong></span> 
     </span>
     <span class='ocr_line' id='line_1_16' title="bbox 136 1893 1209 1979; baseline 0.001 -22"><span class='ocrx_word' id='word_1_111' title='bbox 136 1896 194 1971; x_wconf 88' lang='lat' dir='ltr'><strong>est,</strong></span> <span class='ocrx_word' id='word_1_112' title='bbox 217 1895 293 1977; x_wconf 90' lang='lat' dir='ltr'><strong>quia</strong></span> <span class='ocrx_word' id='word_1_113' title='bbox 314 1894 394 1962; x_wconf 91' lang='lat' dir='ltr'><strong>haec</strong></span> <span class='ocrx_word' id='word_1_114' title='bbox 409 1896 455 1962; x_wconf 93' lang='lat' dir='ltr'><strong>illi</strong></span> <span class='ocrx_word' id='word_1_115' title='bbox 473 1898 609 1964; x_wconf 83' lang='lat' dir='ltr'><strong>maxime</strong></span> <span class='ocrx_word' id='word_1_116' title='bbox 631 1906 692 1979; x_wconf 70' lang='lat' dir='ltr'><strong>per¹</strong></span> <span class='ocrx_word' id='word_1_117' title='bbox 713 1894 871 1963; x_wconf 89' lang='lat' dir='ltr'><strong>naturalis</strong></span> <span class='ocrx_word' id='word_1_118' title='bbox 894 1893 1054 1960; x_wconf 88' lang='lat' dir='ltr'><strong>essentiae</strong></span> <span class='ocrx_word' id='word_1_119' title='bbox 1075 1894 1209 1976; x_wconf 90' lang='lat' dir='ltr'><strong>propin·</strong></span> 
     </span>
     <span class='ocr_line' id='line_1_17' title="bbox 135 1998 1208 2083; baseline 0.003 -21"><span class='ocrx_word' id='word_1_120' title='bbox 135 2002 214 2080; x_wconf 91' lang='lat' dir='ltr'><strong>quat</strong></span> <span class='ocrx_word' id='word_1_121' title='bbox 246 1999 497 2071; x_wconf 89' lang='lat' dir='ltr'><strong>similitudinem.</strong></span> <span class='ocrx_word' id='word_1_122' title='bbox 554 2000 637 2081; x_wconf 85' lang='lat' dir='ltr'><strong>Quid</strong></span> <span class='ocrx_word' id='word_1_123' title='bbox 672 2000 768 2083; x_wconf 90' lang='lat' dir='ltr'><strong>igitur</strong></span> <span class='ocrx_word' id='word_1_124' title='bbox 801 1999 961 2082; x_wconf 86' lang='lat' dir='ltr'><strong>apertius,</strong></span> <span class='ocrx_word' id='word_1_125' title='bbox 1001 2017 1096 2082; x_wconf 92' lang='lat' dir='ltr'><strong>quam</strong></span> <span class='ocrx_word' id='word_1_126' title='bbox 1130 1998 1208 2082; x_wconf 85' lang='lat' dir='ltr'><strong>quia</strong></span> 
     </span>
    </p>
   </div>
   <div class='ocr_carea' id='block_1_2' title="bbox 15 2102 1207 2292">
    <p class='ocr_par' dir='ltr' id='par_1_2' title="bbox 15 2102 1207 2292">
     <span class='ocr_line' id='line_1_18' title="bbox 19 2102 1207 2203; baseline 0.003 -38"><span class='ocrx_word' id='word_1_127' title='bbox 19 2150 23 2155; x_wconf 89' lang='lat'>.</span> <span class='ocrx_word' id='word_1_128' title='bbox 135 2120 225 2203; x_wconf 79' lang='lat' dir='ltr'><strong>mens</strong></span> <span class='ocrx_word' id='word_1_129' title='bbox 242 2104 405 2170; x_wconf 87' lang='lat' dir='ltr'><strong>rationalis</strong></span> <span class='ocrx_word' id='word_1_130' title='bbox 421 2111 542 2190; x_wconf 92' lang='lat' dir='ltr'><strong>quanto</strong></span> <span class='ocrx_word' id='word_1_131' title='bbox 555 2106 730 2173; x_wconf 86' lang='lat' dir='ltr'><strong>studiosius</strong></span> <span class='ocrx_word' id='word_1_132' title='bbox 743 2105 832 2171; x_wconf 90' lang='lat' dir='ltr'><strong>adse</strong></span> <span class='ocrx_word' id='word_1_133' title='bbox 847 2103 1035 2171; x_wconf 81' lang='lat' dir='ltr'><strong>discendum</strong></span> <span class='ocrx_word' id='word_1_134' title='bbox 1050 2102 1207 2182; x_wconf 89' lang='lat' dir='ltr'><strong>intendit;</strong></span> 
     </span>
     <span class='ocr_line' id='line_1_19' title="bbox 15 2204 1206 2292; baseline 0.004 -23"><span class='ocrx_word' id='word_1_135' title='bbox 15 2249 17 2253; x_wconf 22' lang='grc' dir='ltr'><em>ν</em></span> <span class='ocrx_word' id='word_1_136' title='bbox 135 2209 225 2271; x_wconf 91' lang='lat' dir='ltr'><strong>tanto</strong></span> <span class='ocrx_word' id='word_1_137' title='bbox 249 2204 409 2275; x_wconf 83' lang='lat' dir='ltr'><strong>efficacius</strong></span> <span class='ocrx_word' id='word_1_138' title='bbox 431 2211 473 2275; x_wconf 88' lang='lat' dir='ltr'><strong>ad</strong></span> <span class='ocrx_word' id='word_1_139' title='bbox 495 2210 581 2276; x_wconf 89' lang='lat' dir='ltr'><strong>illius</strong></span> <span class='ocrx_word' id='word_1_140' title='bbox 603 2209 820 2292; x_wconf 85' lang='lat' dir='ltr'><strong>cognitionem</strong></span> <span class='ocrx_word' id='word_1_141' title='bbox 842 2207 1008 2274; x_wconf 88' lang='lat' dir='ltr'><strong>ascendit:</strong></span> <span class='ocrx_word' id='word_1_142' title='bbox 1032 2211 1065 2272; x_wconf 89' lang='lat' dir='ltr'><strong>et</strong></span> <span class='ocrx_word' id='word_1_143' title='bbox 1085 2211 1206 2291; x_wconf 90' lang='lat' dir='ltr'><strong>quanto</strong></span> 
     </span>
    </p>
   </div>
   <div class='ocr_carea' id='block_1_3' title="bbox 135 2311 1209 2483">
    <p class='ocr_par' dir='ltr' id='par_1_3' title="bbox 135 2311 1209 2483">
     <span class='ocr_line' id='line_1_20' title="bbox 135 2311 1209 2397; baseline 0.002 -21"><span class='ocrx_word' id='word_1_144' title='bbox 135 2311 275 2391; x_wconf 89' lang='lat' dir='ltr'><strong>seipsam</strong></span> <span class='ocrx_word' id='word_1_145' title='bbox 297 2311 417 2378; x_wconf 90' lang='lat' dir='ltr'><strong>intueri</strong></span> <span class='ocrx_word' id='word_1_146' title='bbox 441 2315 589 2397; x_wconf 84' lang='lat' dir='ltr'><strong>negligit,</strong></span> <span class='ocrx_word' id='word_1_147' title='bbox 613 2319 705 2381; x_wconf 90' lang='lat' dir='ltr'><strong>tanto</strong></span> <span class='ocrx_word' id='word_1_148' title='bbox 736 2314 777 2380; x_wconf 90' lang='lat' dir='ltr'><strong>ab</strong></span> <span class='ocrx_word' id='word_1_149' title='bbox 801 2314 870 2396; x_wconf 88' lang='lat' dir='ltr'><strong>ejus</strong></span> <span class='ocrx_word' id='word_1_150' title='bbox 894 2312 1112 2394; x_wconf 91' lang='lat' dir='ltr'><strong>speculatione</strong></span> <span class='ocrx_word' id='word_1_151' title='bbox 1135 2313 1209 2378; x_wconf 89' lang='lat' dir='ltr'><strong>des·</strong></span> 
     </span>
     <span class='ocr_line' id='line_1_21' title="bbox 136 2415 270 2483; baseline -0.015 0"><span class='ocrx_word' id='word_1_152' title='bbox 136 2415 270 2483; x_wconf 78' lang='lat' dir='ltr'><strong>cendit?</strong></span> 
     </span>
    </p>
   </div>
   <div class='ocr_carea' id='block_1_4' title="bbox 522 2607 870 2686">
    <p class='ocr_par' dir='ltr' id='par_1_4' title="bbox 522 2607 870 2686">
     <span class='ocr_line' id='line_1_22' title="bbox 522 2607 870 2686; baseline -0.017 -9"><span class='ocrx_word' id='word_1_153' title='bbox 522 2608 663 2686; x_wconf 74' lang='lat' dir='ltr'>CAPUT</span> <span class='ocrx_word' id='word_1_154' title='bbox 684 2607 813 2676; x_wconf 79' lang='lat' dir='ltr'>LXVIL</span> <span class='ocrx_word' id='word_1_155' title='bbox 859 2663 870 2671; x_wconf 86' lang='lat'><em>.</em></span> 
     </span>
    </p>
   </div>
   <div class='ocr_carea' id='block_1_5' title="bbox 272 2748 1066 2822">
    <p class='ocr_par' dir='ltr' id='par_1_5' title="bbox 272 2748 1066 2822">
     <span class='ocr_line' id='line_1_23' title="bbox 272 2748 1066 2822; baseline -0.005 -14"><span class='ocrx_word' id='word_1_156' title='bbox 272 2750 352 2819; x_wconf 77' lang='lat' dir='ltr'><strong>Quod</strong></span> <span class='ocrx_word' id='word_1_157' title='bbox 369 2765 445 2808; x_wconf 87' lang='lat' dir='ltr'><strong>mens</strong></span> <span class='ocrx_word' id='word_1_158' title='bbox 462 2751 523 2822; x_wconf 88' lang='lat' dir='ltr'><strong>ipsa</strong></span> <span class='ocrx_word' id='word_1_159' title='bbox 541 2749 681 2821; x_wconf 88' lang='lat' dir='ltr'><strong>speculum</strong></span> <span class='ocrx_word' id='word_1_160' title='bbox 700 2750 772 2820; x_wconf 87' lang='lat' dir='ltr'><strong>ejus,</strong></span> <span class='ocrx_word' id='word_1_161' title='bbox 792 2754 820 2805; x_wconf 89' lang='lat' dir='ltr'><strong>et</strong></span> <span class='ocrx_word' id='word_1_162' title='bbox 836 2748 927 2820; x_wconf 80' lang='lat' dir='ltr'><strong>imago</strong></span> <span class='ocrx_word' id='word_1_163' title='bbox 945 2750 1004 2820; x_wconf 80' lang='lat' dir='ltr'><strong>sjm</strong></span> <span class='ocrx_word' id='word_1_164' title='bbox 1022 2749 1066 2806; x_wconf 84' lang='lat' dir='ltr'><strong>sit</strong></span> 
     </span>
    </p>
   </div>
   <div class='ocr_carea' id='block_1_6' title="bbox 125 2873 1208 3468">
    <p class='ocr_par' dir='ltr' id='par_1_6' title="bbox 135 2873 1208 3035">
     <span class='ocr_line' id='line_1_24' title="bbox 135 2873 1208 2949; baseline 0.004 -18"><span class='ocrx_word' id='word_1_165' title='bbox 135 2873 357 2944; x_wconf 73' lang='lat' dir='ltr'><strong>conspectus</strong></span> <span class='ocrx_word' id='word_1_166' title='bbox 386 2876 526 2946; x_wconf 87' lang='lat' dir='ltr'><strong>capitis.</strong></span> <span class='ocrx_word' id='word_1_167' title='bbox 556 2905 592 2918; x_wconf 89' lang='lat'><strong>·-</strong></span> <span class='ocrx_word' id='word_1_168' title='bbox 620 2874 754 2944; x_wconf 79' lang='lat' dir='ltr'><strong>Quoniam</strong></span> <span class='ocrx_word' id='word_1_169' title='bbox 782 2873 841 2949; x_wconf 81' lang='lat' dir='ltr'><strong>sola</strong></span> <span class='ocrx_word' id='word_1_170' title='bbox 866 2886 942 2933; x_wconf 88' lang='lat' dir='ltr'><strong>mens</strong></span> <span class='ocrx_word' id='word_1_171' title='bbox 966 2881 995 2932; x_wconf 92' lang='lat' dir='ltr'><strong>et</strong></span> <span class='ocrx_word' id='word_1_172' title='bbox 1018 2877 1062 2934; x_wconf 93' lang='lat' dir='ltr'><strong>sui</strong></span> <span class='ocrx_word' id='word_1_173' title='bbox 1080 2882 1108 2933; x_wconf 89' lang='lat' dir='ltr'><strong>et</strong></span> <span class='ocrx_word' id='word_1_174' title='bbox 1124 2876 1208 2949; x_wconf 78' lang='lat' dir='ltr'><strong>huJus</strong></span> 
     </span>
     <span class='ocr_line' id='line_1_25' title="bbox 204 2961 1207 3035; baseline 0.002 -17"><span class='ocrx_word' id='word_1_175' title='bbox 204 2978 324 3019; x_wconf 84' lang='lat' dir='ltr'><strong>summae</strong></span> <span class='ocrx_word' id='word_1_176' title='bbox 350 2964 485 3020; x_wconf 83' lang='lat' dir='ltr'><strong>essentiae</strong></span> <span class='ocrx_word' id='word_1_177' title='bbox 511 2979 613 3020; x_wconf 88' lang='lat' dir='ltr'><strong>memor</strong></span> <span class='ocrx_word' id='word_1_178' title='bbox 640 2969 668 3019; x_wconf 91' lang='lat' dir='ltr'><strong>et</strong></span> <span class='ocrx_word' id='word_1_179' title='bbox 693 2961 850 3031; x_wconf 84' lang='lat' dir='ltr'><strong>intelligens</strong></span> <span class='ocrx_word' id='word_1_180' title='bbox 868 2970 896 3020; x_wconf 92' lang='lat' dir='ltr'><strong>et</strong></span> <span class='ocrx_word' id='word_1_181' title='bbox 913 2978 1007 3019; x_wconf 88' lang='lat' dir='ltr'><strong>amans</strong></span> <span class='ocrx_word' id='word_1_182' title='bbox 1025 2979 1084 3020; x_wconf 88' lang='lat' dir='ltr'><strong>csse</strong></span> <span class='ocrx_word' id='word_1_183' title='bbox 1101 2971 1207 3035; x_wconf 88' lang='lat' dir='ltr'><strong>potest:</strong></span> 
     </span>
    </p>

    <p class='ocr_par' dir='ltr' id='par_1_7' title="bbox 144 3049 1208 3208">
     <span class='ocr_line' id='line_1_26' title="bbox 144 3049 1208 3129; baseline 0.007 -26"><span class='ocrx_word' id='word_1_184' title='bbox 144 3101 148 3104; x_wconf 79' lang='grc'>,</span> <span class='ocrx_word' id='word_1_185' title='bbox 204 3049 265 3105; x_wconf 90' lang='lat' dir='ltr'><strong>ideo</strong></span> <span class='ocrx_word' id='word_1_186' title='bbox 284 3066 318 3106; x_wconf 86' lang='lat' dir='ltr'><strong>ea</strong></span> <span class='ocrx_word' id='word_1_187' title='bbox 335 3053 394 3109; x_wconf 86' lang='lat' dir='ltr'><strong>sola</strong></span> <span class='ocrx_word' id='word_1_188' title='bbox 412 3068 477 3108; x_wconf 84' lang='lat' dir='ltr'><strong>vera</strong></span> <span class='ocrx_word' id='word_1_189' title='bbox 494 3057 536 3109; x_wconf 90' lang='lat' dir='ltr'><strong>est</strong></span> <span class='ocrx_word' id='word_1_190' title='bbox 556 3053 645 3119; x_wconf 80' lang='lat' dir='ltr'><strong>imago</strong></span> <span class='ocrx_word' id='word_1_191' title='bbox 669 3051 743 3107; x_wconf 91' lang='lat' dir='ltr'><strong>illius</strong></span> <span class='ocrx_word' id='word_1_192' title='bbox 762 3052 912 3122; x_wconf 27' lang='lat' dir='ltr'><strong>,essentiam</strong></span> <span class='ocrx_word' id='word_1_193' title='bbox 937 3068 1006 3121; x_wconf 86' lang='lat' dir='ltr'><strong>quac</strong></span> <span class='ocrx_word' id='word_1_194' title='bbox 1024 3068 1075 3122; x_wconf 89' lang='lat' dir='ltr'><strong>per</strong></span> <span class='ocrx_word' id='word_1_195' title='bbox 1092 3053 1136 3129; x_wconf 86' lang='lat' dir='ltr'><strong>sui</strong></span> <span class='ocrx_word' id='word_1_196' title='bbox 1148 3064 1208 3110; x_wconf 89' lang='lat' dir='ltr'><strong>me·</strong></span> 
     </span>
     <span class='ocr_line' id='line_1_27' title="bbox 203 3139 1207 3208; baseline 0.004 -16"><span class='ocrx_word' id='word_1_197' title='bbox 203 3139 330 3208; x_wconf 88' lang='lat' dir='ltr'><strong>moriam,</strong></span> <span class='ocrx_word' id='word_1_198' title='bbox 355 3139 577 3208; x_wconf 84' lang='lat' dir='ltr'><strong>intelligentiam,</strong></span> <span class='ocrx_word' id='word_1_199' title='bbox 603 3145 630 3195; x_wconf 90' lang='lat' dir='ltr'><strong>et</strong></span> <span class='ocrx_word' id='word_1_200' title='bbox 656 3153 776 3194; x_wconf 88' lang='lat' dir='ltr'><strong>amorem</strong></span> <span class='ocrx_word' id='word_1_201' title='bbox 798 3139 828 3194; x_wconf 88' lang='lat' dir='ltr'><strong>in</strong></span> <span class='ocrx_word' id='word_1_202' title='bbox 845 3139 980 3195; x_wconf 83' lang='lat' dir='ltr'><strong>Trinitate</strong></span> <span class='ocrx_word' id='word_1_203' title='bbox 997 3139 1127 3196; x_wconf 83' lang='lat' dir='ltr'><strong>ineffabili</strong></span> <span class='ocrx_word' id='word_1_204' title='bbox 1145 3155 1207 3196; x_wconf 87' lang='lat' dir='ltr'><strong>oon·</strong></span> 
     </span>
    </p>

    <p class='ocr_par' dir='ltr' id='par_1_8' title="bbox 125 3214 1208 3468">
     <span class='ocr_line' id='line_1_28' title="bbox 125 3214 1207 3294; baseline 0.003 -14"><span class='ocrx_word' id='word_1_205' title='bbox 125 3234 147 3278; x_wconf 68' lang='grc' dir='ltr'>ἵ</span> <span class='ocrx_word' id='word_1_206' title='bbox 205 3226 284 3281; x_wconf 87' lang='lat' dir='ltr'><strong>sistit</strong></span> <span class='ocrx_word' id='word_1_207' title='bbox 307 3226 426 3282; x_wconf 87' lang='lat' dir='ltr'><strong>Maxime</strong></span> <span class='ocrx_word' id='word_1_208' title='bbox 436 3231 534 3282; x_wconf 33' lang='lat' dir='ltr'><strong>aulem*</strong></span> <span class='ocrx_word' id='word_1_209' title='bbox 544 3214 576 3281; x_wconf 79' lang='lat' dir='ltr'><strong>iri</strong></span> <span class='ocrx_word' id='word_1_210' title='bbox 591 3224 643 3281; x_wconf 88' lang='lat' dir='ltr'><strong>hoc</strong></span> <span class='ocrx_word' id='word_1_211' title='bbox 660 3242 737 3282; x_wconf 88' lang='lat' dir='ltr'><strong>mens</strong></span> <span class='ocrx_word' id='word_1_212' title='bbox 756 3233 798 3281; x_wconf 90' lang='lat' dir='ltr'><strong>est</strong></span> <span class='ocrx_word' id='word_1_213' title='bbox 815 3227 911 3283; x_wconf 88' lang='lat' dir='ltr'><strong>similis</strong></span> <span class='ocrx_word' id='word_1_214' title='bbox 929 3242 1049 3284; x_wconf 86' lang='lat' dir='ltr'><strong>summae</strong></span> <span class='ocrx_word' id='word_1_215' title='bbox 1066 3228 1207 3294; x_wconf 85' lang='lat' dir='ltr'><strong>essentiae,</strong></span> 
     </span>
     <span class='ocr_line' id='line_1_29' title="bbox 203 3311 1208 3387; baseline 0.002 -19"><span class='ocrx_word' id='word_1_216' title='bbox 203 3313 277 3382; x_wconf 85' lang='lat' dir='ltr'><strong>quod</strong></span> <span class='ocrx_word' id='word_1_217' title='bbox 294 3313 381 3382; x_wconf 88' lang='lat' dir='ltr'><strong>possit</strong></span> <span class='ocrx_word' id='word_1_218' title='bbox 398 3312 547 3381; x_wconf 84' lang='lat' dir='ltr'><strong>reminisci,</strong></span> <span class='ocrx_word' id='word_1_219' title='bbox 566 3311 720 3387; x_wconf 79' lang='lat' dir='ltr'><strong>intelligere</strong></span> <span class='ocrx_word' id='word_1_220' title='bbox 737 3319 765 3367; x_wconf 89' lang='lat' dir='ltr'><strong>et</strong></span> <span class='ocrx_word' id='word_1_221' title='bbox 784 3326 874 3367; x_wconf 86' lang='lat' dir='ltr'><strong>amare</strong></span> <span class='ocrx_word' id='word_1_222' title='bbox 891 3312 921 3368; x_wconf 90' lang='lat' dir='ltr'><strong>id</strong></span> <span class='ocrx_word' id='word_1_223' title='bbox 939 3314 1013 3383; x_wconf 90' lang='lat' dir='ltr'><strong>quod</strong></span> <span class='ocrx_word' id='word_1_224' title='bbox 1030 3314 1161 3384; x_wconf 91' lang='lat' dir='ltr'><strong>optimum</strong></span> <span class='ocrx_word' id='word_1_225' title='bbox 1179 3321 1208 3370; x_wconf 89' lang='lat' dir='ltr'><strong>et</strong></span> 
     </span>
     <span class='ocr_line' id='line_1_30' title="bbox 204 3397 1118 3468; baseline 0.001 -15"><span class='ocrx_word' id='word_1_226' title='bbox 204 3399 353 3454; x_wconf 86' lang='lat' dir='ltr'><strong>maximum</strong></span> <span class='ocrx_word' id='word_1_227' title='bbox 372 3404 427 3468; x_wconf 86' lang='lat' dir='ltr'><strong>cst,</strong></span> <span class='ocrx_word' id='word_1_228' title='bbox 445 3397 498 3453; x_wconf 87' lang='lat' dir='ltr'><strong>hoo</strong></span> <span class='ocrx_word' id='word_1_229' title='bbox 516 3402 572 3468; x_wconf 89' lang='lat' dir='ltr'><strong>est,</strong></span> <span class='ocrx_word' id='word_1_230' title='bbox 583 3413 720 3462; x_wconf 63' lang='lat' dir='ltr'><strong>,summam</strong></span> <span class='ocrx_word' id='word_1_231' title='bbox 738 3398 893 3454; x_wconf 88' lang='lat' dir='ltr'><strong>essentiam.</strong></span> <span class='ocrx_word' id='word_1_232' title='bbox 1114 3400 1118 3408; x_wconf 89' lang='lat'><em>&#39;</em></span> 
     </span>
    </p>
   </div>
   <div class='ocr_carea' id='block_1_7' title="bbox 133 3571 1263 4079">
    <p class='ocr_par' dir='ltr' id='par_1_9' title="bbox 133 3571 1263 4079">
     <span class='ocr_line' id='line_1_31' title="bbox 221 3571 1207 3659; baseline 0.003 -20"><span class='ocrx_word' id='word_1_233' title='bbox 221 3573 394 3654; x_wconf 86' lang='lat' dir='ltr'><strong>Aptissime</strong></span> <span class='ocrx_word' id='word_1_234' title='bbox 427 3571 526 3654; x_wconf 87' lang='lat' dir='ltr'><strong>igitur</strong></span> <span class='ocrx_word' id='word_1_235' title='bbox 559 3573 630 3655; x_wconf 91' lang='lat' dir='ltr'><strong>ipsa</strong></span> <span class='ocrx_word' id='word_1_236' title='bbox 662 3573 790 3641; x_wconf 89' lang='lat' dir='ltr'><strong>sibimet</strong></span> <span class='ocrx_word' id='word_1_237' title='bbox 820 3593 893 3641; x_wconf 88' lang='lat' dir='ltr'><strong>esse</strong></span> <span class='ocrx_word' id='word_1_238' title='bbox 922 3577 1012 3643; x_wconf 88' lang='lat' dir='ltr'><strong>velut</strong></span> <span class='ocrx_word' id='word_1_239' title='bbox 1042 3576 1207 3659; x_wconf 88' lang='lat' dir='ltr'><strong>speculum</strong></span> 
     </span>
     <span class='ocr_line' id='line_1_32' title="bbox 134 3676 1207 3763; baseline 0.004 -20"><span class='ocrx_word' id='word_1_240' title='bbox 134 3678 196 3744; x_wconf 95' lang='lat' dir='ltr'><strong>dici</strong></span> <span class='ocrx_word' id='word_1_241' title='bbox 218 3681 343 3760; x_wconf 90' lang='lat' dir='ltr'><strong>potest,</strong></span> <span class='ocrx_word' id='word_1_242' title='bbox 366 3676 399 3741; x_wconf 91' lang='lat' dir='ltr'><strong>in</strong></span> <span class='ocrx_word' id='word_1_243' title='bbox 422 3694 485 3759; x_wconf 89' lang='lat' dir='ltr'><strong>quo</strong></span> <span class='ocrx_word' id='word_1_244' title='bbox 508 3679 710 3760; x_wconf 88' lang='lat' dir='ltr'><strong>speculetur,</strong></span> <span class='ocrx_word' id='word_1_245' title='bbox 741 3684 779 3745; x_wconf 90' lang='lat' dir='ltr'><strong>ut</strong></span> <span class='ocrx_word' id='word_1_246' title='bbox 808 3679 854 3746; x_wconf 87' lang='lat' dir='ltr'><strong>ita</strong></span> <span class='ocrx_word' id='word_1_247' title='bbox 884 3681 1003 3760; x_wconf 88' lang='lat' dir='ltr'><strong>dicam,</strong></span> <span class='ocrx_word' id='word_1_248' title='bbox 1034 3681 1207 3763; x_wconf 85' lang='lat' dir='ltr'><strong>imaginem</strong></span> 
     </span>
     <span class='ocr_line' id='line_1_33' title="bbox 134 3779 1207 3868; baseline 0.001 -18"><span class='ocrx_word' id='word_1_249' title='bbox 134 3783 221 3865; x_wconf 73' lang='lat' dir='ltr'><strong>eius,</strong></span> <span class='ocrx_word' id='word_1_250' title='bbox 243 3798 340 3864; x_wconf 87' lang='lat' dir='ltr'><strong>quam</strong></span> <span class='ocrx_word' id='word_1_251' title='bbox 361 3779 442 3848; x_wconf 84' lang='lat' dir='ltr'><strong>lucie</strong></span> <span class='ocrx_word' id='word_1_252' title='bbox 463 3782 504 3847; x_wconf 92' lang='lat' dir='ltr'><strong>ad</strong></span> <span class='ocrx_word' id='word_1_253' title='bbox 526 3779 641 3849; x_wconf 82' lang='lat' dir='ltr'><strong>laniem</strong></span> <span class='ocrx_word' id='word_1_254' title='bbox 664 3783 774 3851; x_wconf 86' lang='lat' dir='ltr'><strong>videre</strong></span> <span class='ocrx_word' id='word_1_255' title='bbox 796 3780 917 3868; x_wconf 70' lang='lat' dir='ltr'><strong>nequit</strong></span> <span class='ocrx_word' id='word_1_256' title='bbox 961 3786 1044 3851; x_wconf 88' lang='lat' dir='ltr'><strong>Nam</strong></span> <span class='ocrx_word' id='word_1_257' title='bbox 1067 3786 1096 3851; x_wconf 91' lang='lat' dir='ltr'><strong>si</strong></span> <span class='ocrx_word' id='word_1_258' title='bbox 1116 3803 1207 3851; x_wconf 88' lang='lat' dir='ltr'><strong>mens</strong></span> 
     </span>
     <span class='ocr_line' id='line_1_34' title="bbox 133 3884 1263 3972; baseline 0.003 -20"><span class='ocrx_word' id='word_1_259' title='bbox 133 3884 296 3968; x_wconf 82' lang='lat' dir='ltr'><strong>ipsasola</strong></span> <span class='ocrx_word' id='word_1_260' title='bbox 320 3904 359 3953; x_wconf 87' lang='lat' dir='ltr'><strong>ex</strong></span> <span class='ocrx_word' id='word_1_261' title='bbox 381 3887 530 3954; x_wconf 91' lang='lat' dir='ltr'><strong>omnibus</strong></span> <span class='ocrx_word' id='word_1_262' title='bbox 552 3907 636 3972; x_wconf 87' lang='lat' dir='ltr'><strong>quse</strong></span> <span class='ocrx_word' id='word_1_263' title='bbox 658 3886 863 3970; x_wconf 80' lang='lat' dir='ltr'><strong>factasunt,</strong></span> <span class='ocrx_word' id='word_1_264' title='bbox 886 3890 937 3955; x_wconf 87' lang='lat' dir='ltr'><strong>sui</strong></span> <span class='ocrx_word' id='word_1_265' title='bbox 959 3908 1081 3956; x_wconf 85' lang='lat' dir='ltr'><strong>memor</strong></span> <span class='ocrx_word' id='word_1_266' title='bbox 1103 3895 1137 3955; x_wconf 85' lang='lat' dir='ltr'><strong>et</strong></span> <span class='ocrx_word' id='word_1_267' title='bbox 1158 3891 1207 3955; x_wconf 92' lang='lat' dir='ltr'><strong>in·</strong></span> <span class='ocrx_word' id='word_1_268' title='bbox 1260 3902 1263 3909; x_wconf 72' lang='grc'><strong>“</strong></span> 
     </span>
     <span class='ocr_line' id='line_1_35' title="bbox 134 3989 1208 4079; baseline 0.002 -21"><span class='ocrx_word' id='word_1_269' title='bbox 134 3989 344 4079; x_wconf 61' lang='grc' dir='ltr'><strong>ῐοΙΗεοιιεξοὶ</strong></span> <span class='ocrx_word' id='word_1_270' title='bbox 364 4010 477 4059; x_wconf 89' lang='lat' dir='ltr'><strong>amans</strong></span> <span class='ocrx_word' id='word_1_271' title='bbox 499 4011 571 4061; x_wconf 89' lang='lat' dir='ltr'><strong>esse</strong></span> <span class='ocrx_word' id='word_1_272' title='bbox 600 3998 722 4076; x_wconf 87' lang='lat' dir='ltr'><strong>potest,</strong></span> <span class='ocrx_word' id='word_1_273' title='bbox 757 4011 823 4061; x_wconf 92' lang='lat' dir='ltr'><strong>non</strong></span> <span class='ocrx_word' id='word_1_274' title='bbox 845 3993 956 4076; x_wconf 81' lang='lat' dir='ltr'><strong>rideo,</strong></span> <span class='ocrx_word' id='word_1_275' title='bbox 987 4013 1046 4063; x_wconf 86' lang='lat' dir='ltr'><strong>cnr</strong></span> <span class='ocrx_word' id='word_1_276' title='bbox 1068 4000 1208 4078; x_wconf 85' lang='lat' dir='ltr'><strong>negetur</strong></span> 
     </span>
    </p>
   </div>
   <div class='ocr_carea' id='block_1_8' title="bbox 0 0 1346 4546">
    <p class='ocr_par' dir='ltr' id='par_1_10' title="bbox 0 0 1346 4546">
     <span class='ocr_line' id='line_1_36' title="bbox 0 0 1346 4546; baseline 0 0"><span class='ocrx_word' id='word_1_277' title='bbox 0 0 1346 4546; x_wconf 95' lang='lat' dir='ltr'><strong> </strong></span> 
     </span>
    </p>
   </div>
  </div>
 </body>
</html>
