2684 4546
679 236 721 304 40

165 417 286 482 cedant.
326 414 451 493 Quare,
474 411 558 478 sicut
579 412 619 478 de
641 411 691 476 his
715 429 799 494 quae
821 409 1004 494 hujusmodi
1027 415 1112 490 sunt,
1136 429 1235 477 unum

115 554 119 559 >
164 518 314 601 idemque
336 521 438 583 totum
470 516 563 581 simul
596 535 660 581 non
690 533 785 597 posse
816 511 888 581 esse
919 519 1020 581 toturn
1043 516 1076 581 iu
1101 514 1235 582 diversis

164 623 242 688 locis
265 622 315 688 νε]
339 621 537 702 temporibus
566 621 652 687 omni
682 619 819 686 veritate
851 619 1025 698 asseritur3
1053 619 1100 684 ita
1129 620 1162 684 in
1185 620 1236 686 his

166 744 248 811 qnae
283 724 467 808 hujusmodi
502 744 565 792 non
605 729 699 804 sunt,
736 725 876 806 idipsum
920 725 1009 789 nulla
1045 725 1237 792 necessitate

165 829 374 897 concluditur.
429 829 507 894 lure
543 847 681 913 namque
716 828 788 894 dici·
811 829 956 908 videtur,
991 829 1076 912 quod
1110 832 1236 895 tantum

165 933 236 1016 ejns
259 934 306 997 rei
329 933 372 998 sit
395 934 510 1017 aliquis
525 934 631 1013 locus,
655 933 746 1015 cnjus
763 933 975 1016 quantitatem
992 933 1081 1000 locus
1105 935 1236 1026 circum·

138 1025 139 1028 ¹
164 1036 334 1125 scribendo
358 1037 520 1119 continet,
544 1040 576 1102 et
599 1036 792 1102 continendo
816 1037 1062 1117 circumambit,
1097 1043 1129 1102 et
1152 1038 1237 1122 quod
1297 1048 1302 1053 '

166 1141 237 1235 ejus
260 1139 308 1205 rei
331 1140 433 1205 solum
458 1141 500 1206 sit
519 1139 662 1230 ‘aliquod
692 1145 835 1222 tempus,
871 1139 961 1223 cujus
993 1140 1236 1209 diuturnitatem

163 1239 292 1329 tempus
316 1245 478 1311 metiendo
509 1245 616 1328 aliquo
647 1244 740 1310 modo
773 1244 940 1326 terminat,
974 1251 1007 1311 et
1036 1247 1238 1314 terminando

166 1349 307 1417 ntetitur.
353 1350 557 1432 Quapropter
580 1350 671 1432 cnjus
694 1348 911 1432 amplitudini,
946 1354 1002 1416 aut
1024 1352 1237 1432 diuturnitati,

163 1453 258 1518 nulla
287 1459 373 1521 meta
404 1455 455 1520 vel
489 1454 605 1520 aloco
637 1453 687 1518 νε]
728 1471 747 1517 a
785 1457 930 1534 ternpore
966 1456 1155 1537 opponitur3
1192 1456 1238 1522 illi

166 1556 287 1622 nullum
310 1575 380 1624 esse
402 1558 506 1624 locum
530 1555 580 1622 νε]
604 1561 730 1637 tempus
753 1573 828 1621 vere
850 1556 1049 1639 proponitur.
1081 1560 1238 1645 Quoniam

168 1648 307 1748 namque
337 1680 396 1728 nec
425 1663 514 1728 locus
545 1660 592 1726 illi
622 1659 717 1756 iacit,
752 1660 837 1744 quod
870 1662 978 1739 locus;
1012 1681 1071 1729 nec
1100 1671 1239 1745 tempus,

81 1838 83 1843 ,
168 1763 253 1849 qnod
265 1755 412 1847 tempus:
435 1785 499 1831 non
516 1765 781 1832 irrationabiliter
797 1765 921 1848 dicitur,
938 1760 1134 1850 quianullus
1150 1768 1239 1835 locus

165 1875 219 1935 est
241 1870 311 1953 ejus
334 1871 440 1952 locus,
465 1876 497 1937 et
520 1872 643 1938 nullum
668 1875 795 1952 tempus
819 1876 870 1935 est
893 1871 962 1953 ejns
979 1874 1114 1953 tempus.
1146 1871 1239 1951 Quod

168 1990 245 2039 vero
268 1972 391 2038 nullum
420 1976 526 2041 locum
560 1979 617 2040 aut
645 1981 772 2058 tempus
805 1973 926 2041 habere
960 1974 1172 2058 conspicitur,
1205 1976 1240 2043 id

167 2074 312 2158 profecto
335 2077 605 2145 nullatenusloci
628 2083 685 2144 aut
709 2077 870 2160 ,temporis
899 2079 1004 2160 legem
1034 2081 1143 2145 subire
1165 2099 1239 2146 con·

168 2180 314 2246 vincitur.
358 2174 455 2249 Nulla
486 2170 585 2265 igitur
617 2183 670 2248 len
701 2183 762 2257 loci
801 2187 858 2247 aut
895 2183 1049 2265 temporis
1092 2178 1258 2254 naturam

169 2283 269 2352 ullam
292 2286 399 2371 aliquo
422 2289 514 2354 modo
538 2289 641 2370 cogit,
673 2307 769 2372 quam
793 2288 900 2354 nullus
923 2287 1012 2354 locus
1036 2293 1092 2353 aut
1115 2294 1241 2373 tempus

166 2389 278 2473 ,aliqua
316 2391 513 2459 continentia
546 2392 676 2459 'claudit
730 2393 898 2481 Quaenam
931 2397 1040 2459 autem
1073 2393 1242 2459 rationalis

170 2495 385 2563 consideratio
408 2498 590 2563 omnimoda
620 2496 745 2563 ratione
775 2515 839 2562 uon
871 2498 1053 2578 concludat,
1084 2502 1121 2562 ut
1153 2513 1241 2563 crea-

170 2597 281 2662 tricem
303 2615 524 2688 summamque
547 2602 688 2669 omnium
717 2602 951 2684 substantiam,
984 2622 1079 2687 quam
1110 2620 1241 2670 necesse

170 2707 222 2786 est
244 2703 382 2772 alienam
407 2725 477 2773 esse
500 2712 534 2772 et
562 2706 695 2786 liberam
729 2723 749 2769 a
780 2709 897 2769 natura
927 2710 960 2770 et
985 2707 1059 2789 jure
1090 2708 1240 2788 omnium,

167 2806 255 2888 *quae
275 2807 346 2888 ipsa
367 2802 445 2875 iecit
468 2810 508 2875 de
532 2809 646 2889 nihilo,
670 2808 760 2873 nulla
775 2807 836 2874 loci
855 2807 1003 2875 cohibitio
1020 2811 1071 2876 vel
1088 2811 1241 2892 temporis

170 2909 326 2993 includat,
350 2932 421 2979 cnm
444 2916 551 2996 potins
576 2915 645 2996 ejns
667 2912 830 2995 potentia,
862 2931 945 2996 quae
975 2933 1040 2979 non
1074 2920 1124 2980 est
1154 2912 1241 2979 aliud

46 3052 54 3064 ·
165 3033 267 3098 quam
291 3017 361 3099 ejus
385 3020 544 3100 essentia,
567 3023 718 3085 cunctaa
740 3035 775 3084 se
797 3016 883 3085 iacta
906 3021 965 3086 sub
979 3038 1025 3085 se
1048 3018 1241 3086 continendo

164 3121 363 3188 concludat?
396 3124 560 3204 Quomodo
595 3142 722 3208 quoque
745 3142 811 3190 non
834 3127 883 3189 est
903 3123 1100 3206 impudentis
1121 3122 1240 3203 impru-

169 3221 301 3288 dentiae
323 3226 439 3307 dicere,
463 3227 548 3311 quod
571 3245 716 3294 summae
745 3215 972 3294 veritatis'aot
994 3229 1083 3294 locus
1107 3227 1240 3311 circum·

170 3327 292 3394 scribat
314 3333 544 3414 quantitatem,
573 3340 630 3399 ant
651 3339 778 3415 tempus
801 3334 952 3399 metiatur
982 3330 1240 3399 diuturnitatem:

171 3450 255 3516 qnae
278 3432 400 3499 nullam
430 3436 561 3519 penitus
592 3437 702 3505 localis
732 3436 783 3503 vel
814 3438 1001 3520 temporalis
1033 3435 1241 3505 distensionis

171 3538 424 3619 magnitudinem
447 3543 581 3624 suscipit
609 3543 659 3609 νε]
689 3542 908 3625 parvitatem?
946 3543 1105 3623 Quoniam
1133 3541 1241 3622 itaque
1309 3540 1313 3545 ’

171 3639 238 3706 loci·
253 3639 333 3707 baec
355 3648 406 3708 est
428 3647 478 3711 νε]
501 3648 654 3731 temporis
678 3647 835 3730 conditio,
858 3654 895 3713 ut
911 3644 1132 3713 tantummodo
1154 3644 1240 3727 quio·

173 3743 250 3829 quid
273 3763 383 3811 eorum
404 3751 497 3817 metis
514 3753 691 3834 clauditur,
715 3772 774 3819 nec
795 3753 936 3835 partium
953 3750 1056 3831 fugiat
1071 3749 1240 3831 rationem,

166 3850 224 3917 νε]
258 3853 385 3936 qualem
416 3857 550 3939 suscipit
583 3859 673 3925 locus
704 3859 773 3942 eJ'us
809 3854 984 3923 secundum
1015 3852 1239 3936 quantitatem,

163 3953 224 4028 ael
248 3957 376 4041 qualem
397 3961 520 4042 patitur
543 3967 673 4046 tempus
693 3963 763 4046 ejus
786 3958 961 4032 secundum
979 3956 1239 4036 diuturnitatem
