2684 4546
657 241 697 307 to

209 419 284 489 ojus,
298 411 377 485 'quia
399 411 550 484 perfactam
576 412 634 482 eJ'us
661 416 737 471 tenet
760 408 984 466 similitudinem:
1009 410 1124 467 verbum
1141 414 1214 470 anim

209 509 251 561 est
268 504 358 570 imago
375 502 416 557 rei
433 500 649 574 excogitatione
667 500 801 568 formata;
829 503 857 553 et
879 499 940 554 ideo
966 503 1044 553 tanto
1062 499 1154 555 verius
1170 507 1214 559 est

209 589 336 658 verbum,
354 593 455 658 quanto
474 589 564 644 verius
582 604 640 643 rem
658 602 734 642 mens
753 586 860 656 cogitat.
895 587 1014 656 Iterum,
1039 602 1115 643 mena
1131 587 1212 653 ratio·

208 675 292 745 nulia,
310 680 371 730 cum
389 690 419 729 se
437 658 746 743 cogitandointelligit,
772 672 919 740 imaginem
937 686 1015 726 suam
1033 687 1082 727 seu
1100 674 1213 728 verbum

208 765 251 820 sui
269 762 393 833 producit
411 761 483 830 quod
501 777 517 815 a
535 777 565 817 se
581 777 636 816 non
655 761 709 816 nisi
728 761 832 815 ratione
858 764 949 828 potest
972 758 1101 827 separari.
1137 759 1214 829 Ergo

209 856 236 907 et
254 864 358 904 summa
377 851 524 918 sapientia,
554 863 614 903 cum
641 864 671 903 se
689 847 803 921 dicendo
821 846 963 917 intelligit,
992 846 1080 914 gignit
1098 847 1213 902 consub-

210 936 367 994 stantialem
385 937 436 992 sibi
456 936 659 992 similitudinem
679 950 768 1004 suam,
787 934 816 989 id
835 940 876 989 est
893 932 1016 988 Verbum
1034 947 1121 987 auum.
1145 933 1213 989 Ver·

207 1027 272 1080 bum
291 1024 364 1079 istud
383 1023 437 1078 dici
460 1028 549 1093 potest
573 1028 601 1078 et
624 1024 712 1092 imago
743 1029 771 1079 et
797 1022 886 1090 figura
913 1027 941 1076 et
968 1020 1110 1076 character
1136 1022 1212 1092 ejus:

209 1113 329 1170 Verbum
350 1116 441 1166 autem
459 1127 512 1179 quo
531 1115 682 1166 creaturam
702 1110 780 1180 dicit,
808 1100 941 1178 verbum,
962 1113 1011 1163 aut
1035 1108 1138 1177 imago,
1165 1113 1213 1162 aut

208 1200 296 1270 figura
313 1204 454 1254 creaturae
473 1197 526 1252 dici
544 1214 599 1253 non
616 1203 722 1267 potest;
748 1198 813 1266 quia
836 1203 878 1252 est
901 1195 1058 1271 principalia
1084 1190 1143 1265 ejus
1172 1211 1213 1251 ea·

210 1288 307 1344 sentia.
342 1286 417 1354 Ergo
435 1301 556 1341 sammua
574 1285 689 1355 spiritus
700 1291 852 1341 creaturam
869 1299 924 1339 non
944 1284 1009 1339 dicit
1027 1282 1119 1339 Verbo
1138 1298 1211 1339 crea·
1277 1316 1283 1325 ·

209 1381 305 1444 turae,
332 1374 380 1430 sed
406 1388 462 1430 suo.
497 1374 571 1441 Ergo
591 1374 718 1445 quicquid
737 1373 818 1443 dicit,
847 1372 939 1429 Verbo
956 1387 1005 1427 suo
1023 1370 1098 1426 dicit.
1136 1371 1212 1440 Ergo

208 1465 288 1521 unico
307 1463 455 1531 eodemque
473 1462 563 1516 Verbo
583 1461 649 1517 dicit
666 1463 785 1531 seipsum
804 1466 832 1517 et
850 1465 949 1516 cuncta
965 1474 1036 1529 quae
1051 1459 1127 1515 iecit.

226 1671 290 1737 Sed
312 1689 385 1736 ecce
409 1671 577 1752 quaerenti
600 1670 676 1736 mihi
692 1670 732 1736 de
754 1669 948 1753 Verbaque
964 1669 1102 1736 Greator
1126 1670 1212 1752 dicit,

140 1776 247 1844 omnia
269 1792 353 1857 quae
376 1773 471 1855 facit,
505 1776 621 1842 obtulit
653 1785 688 1840 se
710 1774 852 1842 Verbum
885 1794 947 1857 quo
971 1775 1112 1856 seipsum
1136 1774 1213 1842 dicit

140 1882 194 1963 qui
217 1881 324 1946 omnia
346 1877 430 1946 fecit.
476 1882 525 1946 An
550 1897 626 1960 ergo
658 1879 720 1944 alio
749 1880 847 1945 verbo
880 1879 957 1946 dicit
987 1882 1147 1962 seipsum,
1179 1887 1213 1948 et
1275 1882 1279 1891 “

138 1985 201 2052 alio
226 2004 265 2050 ea
297 2003 380 2067 quae
410 1985 505 2065 facit;
539 1989 595 2050 aut
627 1985 878 2066 potius-eodem
910 1984 980 2067 ipso
1011 1984 1117 2051 Verbo
1148 2003 1211 2069 quo

139 2088 217 2156 dicit
239 2081 397 2171 seipsum,
421 2090 499 2156 dicit
521 2092 731 2173 quaecuuque
753 2087 859 2155 iacit?
896 2090 978 2155 Nam
1000 2090 1059 2156 hbc
1082 2109 1209 2174 quoqne

137 2193 297 2272 Verbum,
332 2212 395 2277 quo
424 2195 566 2276 seipsum
590 2194 682 2274 dicit,
716 2197 848 2260 necesse
871 2199 922 2259 est
953 2195 1093 2277 idipsum
1127 2212 1209 2276 esse,

137 2299 222 2381 quod
243 2298 314 2379 ipse
337 2299 402 2377 est,
433 2297 517 2363 sicut
546 2302 674 2364 constat
697 2297 736 2363 de
759 2297 865 2365 Verbo
889 2299 953 2378 iilo,
983 2316 1046 2382 quo
1070 2299 1148 2365 dicit
1170 2317 1216 2365 ea

138 2421 220 2485 quae
243 2403 330 2469 facta
353 2407 429 2468 sunt
452 2403 538 2470 ase.
584 2403 664 2469 (iu-m
688 2403 789 2484 enim,
813 2404 938 2470 etiamsi
962 2402 1041 2467 nihii
1065 2421 1208 2485 uuquam

137 2506 226 2571 aliud
249 2510 335 2571 esset
358 2507 419 2571 nisi
443 2524 586 2573 summus
608 2509 663 2573 ille
687 2508 836 2589 spiritus,
861 2502 951 2574 'ratio
982 2513 1091 2573 tamen
1115 2512 1208 2588 cogat

27 2608 30 2620 '
136 2611 279 2678 Verbum
291 2612 378 2694 iilud,
393 2632 455 2696 quo
468 2624 503 2679 sa
520 2614 606 2695 dicit,
623 2633 662 2679 ex
677 2614 870 2680 necessitate
886 2631 973 2693 esse,
997 2612 1074 2693 quid
1090 2613 1207 2694 verius,

135 2735 230 2798 quam
253 2717 314 2783 hoc
336 2717 477 2784 Verbum
501 2720 659 2802 ejusnon
683 2737 754 2785 esse
777 2718 880 2799 aliud,
913 2737 1007 2800 quam
1030 2718 1121 2801 quod·
1138 2718 1208 2800 ipse
1266 2732 1273 2738 ·

135 2822 206 2886 eat?
229 2822 315 2902 Ergo
338 2822 365 2887 si
388 2828 421 2889 et
436 2824 593 2905 seipsum,
617 2827 650 2888 et
664 2841 702 2889 ea
717 2840 800 2904 quae
819 2820 916 2902 facit,
939 2822 1208 2888 consubstantiali

134 2925 196 2991 sibi
207 2923 314 2992 Verbo
328 2926 421 3008 dicit,
443 2927 650 2993 manifestum
673 2933 732 3009 est,
749 2927 825 3010 quia
839 2926 948 3006 Verbi,
974 2946 1036 3010 quo
1060 2946 1096 2994 se
1120 2928 1207 3008 dicit,

135 3034 168 3096 et
191 3028 305 3112 Verbi,
329 3051 392 3114 quo
416 3038 596 3099 creaturam
620 3032 713 3113 dicit,
736 3050 802 3098 una
825 3032 1008 3100 substantia
1031 3035 1089 3097 est.
1121 3032 1207 3111 Quo·

67 3208 71 3213 ,
134 3135 228 3202 modo
252 3153 347 3216 ergo,
371 3137 398 3202 si
421 3155 487 3203 una
508 3136 693 3203 substantia
715 3142 781 3218 est,
805 3138 868 3203 duo
892 3138 991 3204 verba
1012 3136 1112 3202 sunt?
1143 3136 1206 3202 Sed

133 3237 271 3304 forsitan
295 3258 359 3304 non
384 3240 468 3320 cogit
501 3241 655 3305 identitas
690 3244 892 3308 substantiae
918 3240 1015 3308 Verbi
1048 3241 1205 3306 unitatem

133 3335 313 3407 admittere.
350 3340 433 3407 Nam
456 3342 541 3408 idem
563 3343 642 3426 ipse,
665 3346 720 3427 qui
743 3345 792 3410 his
816 3346 922 3412 verbis
944 3345 1097 3428 loquitur,
1121 3363 1206 3410 eam·

134 3445 207 3540 dem
231 3464 303 3510 cum
325 3446 390 3511 illis
413 3446 511 3513 habet
533 3449 766 3530 substantiam,
791 3454 952 3516 ettamen
975 3448 1117 3516 Verbum
1133 3467 1206 3516 non

135 3553 192 3614 est.
238 3547 303 3614 Sed
326 3550 437 3633 utique
459 3552 619 3635 Verbum,
643 3572 706 3638 quo
730 3572 765 3621 se
789 3555 866 3621 dicit
888 3573 1012 3622 summu
1038 3555 1205 3637 sapientia,

134 3653 435 3722 convenientissime
458 3659 520 3725 dici
541 3664 650 3741 potest
672 3659 815 3727 Verbum
851 3662 921 3745 ejus
953 3660 1129 3727 secundum
1152 3638 1216 3725 111·1

46 3826 50 3831 .
132 3759 291 3842 perierem
315 3763 488 3846 rationem,
521 3765 598 3848 quia
628 3749 697 3849 ejus
726 3765 903 3848 perfectam
935 3771 1025 3831 tenet
1055 3763 1205 3830 similitu·

134 3864 249 3932 dinem.
294 3866 377 3934 Num
400 3869 489 3936 nulla
510 3870 636 3936 ratione
659 3872 771 3952 negari
793 3875 921 3954 potest,
944 3888 1015 3936 cum
1037 3886 1129 3935 mens
1153 3887 1204 3934 ra·

132 3968 260 4038 tionaiis
281 3972 420 4058 seipsam
435 3975 605 4059 cogitando
620 3976 781 4061 intelligit,
796 3976 969 4057 imaginem
989 3973 1091 4058 ipuus
1115 3974 1205 4041 nasci
