2684 4546
630 265 690 327 129

132 461 268 527 namque
291 439 440 524 gandium
459 433 619 520 quoddam
633 432 781 515 plenum,
806 436 839 497 et
860 431 1029 514 plusquam
1052 433 1190 515 plenum.

132 549 229 616 Pleno
253 548 371 632 quippe
394 542 505 623 corde,
538 539 635 624 plena
662 543 785 619 mente,
816 534 914 618 plena
943 538 1064 620 anima,
1096 539 1214 622 pleno.

133 657 199 719 toto
221 646 350 718 homine
374 647 491 730 gaudio
513 645 585 726 illo,
616 643 718 710 adhuc
749 659 848 725 supra
877 641 1005 706 modum
1035 642 1214 726 supererit*

133 756 293 840 gaudium.
323 753 395 820 Non
418 769 493 833 ergo
517 753 619 815 totum
633 746 712 813 illud
733 746 883 830 gaudium
905 745 1040 813 intrabit
1060 747 1093 812 in
1116 767 1193 838 gan-

134 860 266 938 dentes;
295 858 353 924 sed
375 857 434 922 toti
456 855 636 937 gaudentes
665 853 833 919 intrabunt
860 852 894 916 in
923 853 1082 935 gaudium.
1126 855 1195 937 Dia,

135 963 287 1046 Domine,
310 964 359 1031 dic
381 980 474 1028 servo
496 966 551 1027 tuo
573 961 660 1026 intus
681 959 715 1024 in
740 958 835 1025 corde
858 976 932 1039 suo,
964 957 1025 1025 hoo
1042 964 1097 1024 est
1118 976 1195 1042 gau-

136 1068 237 1151 dium,
274 1071 307 1135 in
344 1067 429 1152 quod
461 1066 629 1132 intrabunt
658 1065 744 1130 servi
775 1065 839 1145 tui,
880 1063 935 1146 qui
965 1063 1133 1130 intrabunt
1161 1064 1195 1129 in

135 1177 286 1258 gaudium
314 1173 442 1242 Domini
476 1172 534 1238 sui.
586 1171 649 1238 Sed
681 1169 831 1251 gaudium
865 1168 944 1234 illud
977 1176 1080 1251 certe,
1113 1170 1198 1254 quod

136 1281 325 1362 gaudebunt
338 1279 431 1347 eleoti
452 1278 517 1359 tui,
539 1295 596 1343 acc
617 1275 727 1342 oculos
748 1276 850 1355 cidit,
872 1295 928 1341 occ
948 1279 1042 1343 caris
1064 1276 1198 1357 audiuit,

136 1407 192 1453 aec
213 1389 249 1452 io
271 1375 484 1453 certaminis
505 1382 650 1449 acautis
673 1379 758 1465 (Iso.
780 1393 886 1462 LXIV,
911 1386 994 1460 431
1017 1379 1090 1448 Gor.
1104 1395 1143 1465 11,
1155 1382 1199 1466 9).

136 1490 286 1557 Nondum
309 1510 383 1574 ergo
408 1489 488 1569 dixi,
513 1493 569 1554 aut
592 1487 746 1569 cogitavi,
769 1486 921 1568 Domine,
944 1492 1099 1570 qnantum
1122 1505 1200 1571 gau-

98 1585 101 1595 ’
138 1595 261 1662 debunt
282 1596 328 1662 illi
351 1597 436 1661 beati
457 1594 514 1659 tui.
543 1593 661 1676 Utique
683 1597 810 1658 tantum
829 1593 1024 1675 gaudebunt,
1047 1597 1200 1676 quantum

139 1702 307 1780 amabunt;
331 1705 457 1767 tantum
480 1698 650 1780 amabunt,
674 1704 828 1781 quantum
852 1704 1054 1782 cognoscent.
1094 1698 1201 1778 Quan-

139 1811 208 1871 tum
229 1812 263 1873 te
286 1811 497 1888 cognoscent,
519 1803 672 1885 Domine,
702 1809 798 1882 tunc;
829 1809 862 1870 et
883 1808 1038 1887 qnantum
1061 1808 1094 1870 te
1116 1822 1203 1873 ama·

140 1910 239 1977 buntl
275 1912 370 1980 Certe
391 1933 448 1979 occ
469 1910 580 1978 oculas
601 1911 703 1991 cidit,
735 1931 792 1977 aec
813 1906 907 1977 ouria
927 1912 1069 1992 audiuit,
1090 1932 1146 1978 occ
1167 1913 1203 1978 a'o

141 2019 354 2086 curtarodulo
376 2017 520 2085 ascendit
541 2017 575 2082 in
598 2015 657 2083 hac
672 2016 755 2098 vita,
778 2022 932 2101 qnantum
956 2023 989 2082 te
1012 2020 1205 2098 cognoscent

142 2124 351 2191 etamabunt
371 2123 404 2189 in
419 2122 476 2188 illa
488 2121 564 2188 rita.
596 2121 679 2205 Oro,
702 2122 805 2203 Deus,
829 2142 1014 2205 cognoscam
1036 2127 1077 2204 te,
1101 2140 1204 2188 amem

142 2234 192 2308 te,
214 2235 251 2295 ut
272 2229 427 2313 gaudeam
454 2227 493 2291 de
514 2233 556 2292 te.
585 2226 629 2290 Et
651 2226 679 2291 si
701 2244 763 2291 non
787 2244 916 2309 possum
939 2227 972 2291 in
994 2226 1055 2294 hac
1076 2227 1142 2294 vita
1164 2226 1206 2293 ad

141 2333 287 2415 plenum,
306 2333 357 2400 vel
371 2330 534 2414 proficiam
555 2330 588 2395 in
611 2330 695 2411 dies,
715 2348 817 2415 usque
833 2332 915 2398 dum·
931 2332 1040 2399 veniat
1062 2332 1142 2397 illud
1164 2332 1206 2398 ad

140 2438 289 2519 plenum3
318 2434 463 2518 proficiat
492 2435 543 2502 hic
564 2436 598 2502 in
621 2455 671 2502 me
695 2436 807 2503 notitia
828 2438 875 2503 tui
898 2438 997 2504 stibi
1017 2437 1073 2504 fiat
1094 2438 1206 2521 plena3

142 2546 265 2609 crescat
292 2559 382 2607 amor
413 2546 506 2622 tuns,
541 2546 574 2607 et
604 2542 650 2609 ibi
672 2543 715 2608 sit
736 2544 870 2625 plenus,
906 2551 942 2610 ut
971 2544 1023 2611 hic
1054 2544 1205 2626 gaudium

142 2665 251 2713 meum
269 2646 311 2713 sit
332 2647 366 2713 in
389 2663 447 2728 spe
467 2661 619 2727 magnum
650 2650 684 2712 et
713 2646 757 2713 ibi
784 2647 826 2712 sit
847 2647 881 2713 in
903 2666 939 2714 re
960 2649 1114 2731 plenum'
1143 2650 1207 2715 Do·

142 2752 245 2832 mine,
266 2769 325 2836 par
346 2751 462 2816 Filium
484 2757 575 2818 taum
594 2751 704 2834 jubes,
727 2752 822 2817 immo
845 2752 1002 2834 consulis,
1024 2759 1152 2836 petere;
1175 2758 1208 2820 et

139 2857 301 2939 promittis
325 2857 485 2939 accipere,
507 2863 544 2924 ut
557 2857 709 2940 gandium
726 2861 871 2923 nostrum
886 2857 929 2923 sit
949 2858 1088 2939 plenum.
1117 2854 1207 2940 Peto,

142 2960 293 3043 Domine,
338 2961 424 3045 quod
460 2963 597 3029 consulis
634 2981 693 3045 per
731 2961 948 3028 admirabilem
993 2965 1206 3030 consiliarium

139 3071 303 3146 nostrum,
327 3066 479 3149 accipiam
501 3068 586 3150 qnod
608 3067 766 3150 promittis
781 3086 840 3150 per
861 3068 1028 3134 vamtatem
1051 3074 1149 3152 tuam,
1172 3073 1208 3135 ut

143 3170 294 3252 gaudium
317 3189 422 3237 meum
443 3169 574 3260 plenum
597 3173 647 3240 sit.
680 3172 769 3239 Deus
790 3190 904 3254 verax,
927 3178 1021 3259 peto;
1046 3174 1207 3258 accipiam,

144 3281 181 3343 ut
201 3277 352 3360 gandium
382 3295 488 3343 meum
521 3278 651 3361 plenum
685 3278 736 3345 sit.
778 3277 954 3347 Meditatur
982 3280 1111 3346 interim
1132 3279 1208 3346 inde

144 3397 234 3447 mens
263 3400 349 3462 mea3
363 3436 364 3441 ,
379 3382 530 3467 loquatur
558 3384 635 3452 inde
666 3384 776 3466 lingua
805 3403 887 3452 mea.
931 3387 1026 3453 Amet
1052 3385 1133 3452 illud
1155 3403 1208 3451 cor
1286 3400 1293 3413 ⁸

146 3500 266 3563 menm;
289 3488 519 3555 sermocinetur
540 3509 576 3556 os
597 3508 711 3556 meum.
742 3490 872 3556 Esuriat
893 3490 974 3557 illud
997 3492 1106 3558 anima
1126 3507 1207 3570 mea,

146 3589 234 3656 sitiat
265 3609 337 3657 caro
367 3609 455 3673 mea,
489 3594 650 3660 desideret
684 3598 752 3660 tota
780 3595 962 3662 substantia
989 3615 1079 3676 mea,
1108 3595 1209 3663 donec

146 3695 264 3763 intrem
284 3697 318 3762 in
341 3696 497 3795 gaudiumx
514 3698 657 3781 Domini,
687 3699 741 3783 qui
764 3717 798 3767 ss
821 3702 925 3768 trinus
947 3705 981 3769 et
1003 3718 1085 3768 unus
1109 3700 1209 3780 Deus,

87 3894 90 3899 Ι
146 3797 334 3871 benedictus
354 3801 388 3868 in
411 3801 548 3871 saecula.
593 3805 705 3872 Amen.
