2684 4546
627 277 687 341 141

124 453 214 514 retur
241 448 325 534 quod
353 467 417 515 non
447 464 534 526 esse,
569 451 625 514 out
658 448 752 515 etiarn
780 465 875 530 posse
905 467 968 514 non
1000 468 1086 536 esse,
1119 456 1185 520 nou
1227 478 1266 527 ,-

123 556 225 639 possit
246 554 401 637 intelligi;
423 552 530 636 potius
546 551 714 619 dicendum
730 550 809 635 luit,
833 572 896 619 non
918 555 1020 636 possit
1043 557 1184 639 cogitari.

125 661 159 728 Si
182 659 266 725 enim
290 658 438 725 dixissem
460 677 525 724 rem
548 657 651 741 ipsam
666 677 729 724 non
745 675 839 741 posse
860 658 995 742 intelligi
1017 680 1080 727 non
1104 680 1184 743 esse,
1285 649 1291 655 ’

125 761 262 831 sortasse
284 769 320 830 tu
342 764 427 846 ipse,
462 763 516 847 qui
539 762 626 842 dicis,
659 762 733 847 quia
759 762 934 830 secundum
956 766 1185 848 proprietatem

125 871 214 938 uerbi
237 870 329 938 istius
352 867 436 935 iolsa
451 873 615 954 nequeunt
631 868 783 950 intelligi,
808 868 961 952 objiceres
984 869 1079 951 nihil,
1101 873 1186 956 quod

126 979 191 1056 est,
222 993 317 1058 posse
346 974 481 1057 intelligi
505 995 568 1040 nou
592 993 678 1054 esse;
713 972 829 1041 salsum
852 981 901 1041 est
923 976 1005 1042 enim
1030 996 1093 1043 nou
1117 996 1187 1043 esse

127 1079 210 1166 quod
233 1085 299 1146 est:
324 1097 423 1164 quara
446 1098 510 1144 non
535 1085 622 1144 esset
643 1079 807 1160 proprium
828 1079 912 1160 Deo,
937 1099 1000 1146 non
1023 1099 1122 1166 posse
1138 1082 1188 1148 in-

126 1184 223 1266 telligi
247 1204 308 1250 non
333 1203 413 1251 esse.
453 1184 545 1264 Quod
565 1183 594 1248 si
617 1183 736 1267 aliquid
760 1203 885 1266 eorum,
909 1203 990 1270 quae
1013 1188 1188 1269 certissime

126 1298 218 1372 sunt,
240 1295 348 1375 potest
368 1289 503 1371 intelligi
526 1308 589 1355 non
604 1307 684 1369 esse,
702 1289 844 1354 similiter
859 1294 893 1355 et
907 1289 971 1355 alia
992 1296 1080 1357 certa
1094 1311 1189 1376 posse

126 1395 333 1479 intelliginon
346 1414 424 1463 asse.
447 1395 512 1463 Sed
530 1396 589 1462 hoc
608 1395 719 1479 utique
738 1410 802 1460 non
820 1399 927 1477 potest
939 1394 1032 1479 objici
1054 1398 1093 1464 da
1106 1399 1188 1480 eogi-

126 1502 262 1584 tatione,
285 1501 312 1567 si
333 1501 415 1566 bene
444 1497 670 1565 consideretur.
700 1498 781 1565 Nam
807 1498 868 1564 etsi
891 1498 980 1565 nulla
1001 1519 1081 1585 quae
1103 1507 1189 1586 suut,

125 1611 263 1689 possunt
284 1603 421 1684 intelligi
444 1622 508 1669 non
531 1621 621 1682 esse;
644 1604 750 1668 omnia
772 1608 879 1670 tamen
901 1611 1037 1686 possunt
1059 1609 1190 1688 cogitari

127 1727 302 1790 nonense,
325 1713 455 1791 praeter
476 1708 509 1773 id
533 1694 620 1792 quod
633 1726 755 1775 summe
771 1716 828 1775 est
860 1709 921 1776 Illa
943 1711 1061 1794 quippe
1085 1713 1190 1779 omnia

67 1892 70 1900 ,
128 1822 166 1883 et·
189 1815 259 1882 sola
287 1819 424 1898 possunt
451 1813 584 1895 cogitari
618 1832 682 1880 non
717 1831 804 1896 esse,
840 1832 923 1899 quae
953 1817 1098 1900 initium,
1135 1823 1191 1886 aut
1281 1864 1283 1869 ·

126 1921 239 2004 finem,
262 1927 320 1985 aut
340 1917 479 2000 partium
502 1917 624 1997 habent
646 1918 921 2002 conjunctionem,
952 1926 1001 2003 et,
1023 1923 1106 1988 sicut
1123 1923 1190 2006 jam

128 2025 209 2106 dixi,
232 2023 382 2110 quicquid
407 2023 524 2091 alieubi
541 2027 598 2090 aut
613 2022 786 2109 aliquando
808 2028 911 2091 totum
935 2045 999 2093 non
1021 2034 1088 2108 est;
1110 2028 1190 2094 illud

127 2150 202 2197 uero
233 2129 335 2196 solum
367 2147 431 2194 non
460 2133 567 2210 potest
597 2129 730 2211 cogitari
761 2148 825 2194 non
856 2148 945 2211 esse,
976 2131 1010 2195 in
1039 2150 1102 2216 quo
1132 2151 1192 2199 nee

125 2235 267 2317 initium,
292 2252 350 2299 nec
371 2231 486 2315 finem,
510 2251 569 2300 nec
590 2234 732 2316 partium
754 2234 1026 2318 conjunctionem,
1049 2243 1081 2302 et
1104 2239 1189 2321 quod

126 2339 251 2406 nonnisi
274 2356 400 2420 semper
430 2342 463 2404 et
491 2339 610 2424 ubique
644 2343 743 2405 totum
778 2338 845 2404 ulla
876 2339 999 2405 inuenit
1031 2341 1189 2424 cogitatio.

125 2443 211 2511 Scito
244 2444 360 2526 igitur,
393 2443 469 2528 quia
490 2448 583 2526 potes
606 2444 747 2526 cogitare
769 2448 801 2511 te
824 2463 887 2511 non
918 2463 1005 2528 esse,
1039 2448 1189 2532 quamdiu

126 2567 197 2616 esse
219 2548 396 2616 certissime
418 2551 499 2616 scis:
523 2551 607 2636 quod
631 2557 663 2618 te
677 2552 776 2619 miror
791 2552 908 2620 dixisse
923 2553 1056 2620 nescire.
1086 2554 1190 2621 Multa

126 2672 264 2739 namque
286 2653 460 2737 cogitamus
482 2673 546 2721 non
569 2671 657 2736 esse,
679 2673 761 2741 quae
783 2657 900 2722 scimus
922 2675 1012 2736 esse;
1035 2664 1068 2724 et
1089 2658 1191 2724 multa

125 2776 212 2842 esse,
245 2777 328 2845 quae
350 2778 414 2828 non
437 2778 508 2827 esse
531 2759 664 2827 scimus:
698 2780 762 2828 non
793 2761 1021 2843 existimando,
1054 2763 1110 2828 sed
1131 2761 1190 2828 fin·

125 2864 230 2945 gendo
252 2865 298 2930 ita
320 2882 392 2932 esse
420 2871 457 2932 ut
487 2866 671 2950 cogitamus.
716 2867 759 2933 Et
792 2867 920 2952 quidem
947 2884 1117 2950 possumus
1139 2886 1190 2935 co·

125 2968 228 3050 giture
250 2968 369 3053 aliquid
391 2989 455 3036 non
478 2989 565 3053 esse,
590 2971 742 3056 quamdiu
756 2971 872 3039 scimus
888 2990 975 3054 esse,
1000 2973 1075 3057 quia
1097 2973 1190 3040 simul

126 3078 159 3140 et
179 3072 260 3139 illud
291 3090 479 3157 possumus,
513 3080 546 3141 et
577 3075 664 3141 istud
697 3076 829 3156 scimus3
861 3080 895 3142 et
926 3095 990 3143 nou
1021 3095 1191 3161 possumus
1280 3166 1283 3173 .

124 3177 263 3261 comare
291 3196 357 3244 non
386 3195 457 3246 esse
486 3178 638 3263 quamdiu
669 3179 786 3247 scimus
816 3197 904 3261 esse;
935 3181 1011 3266 quio
1032 3201 1096 3249 non
1117 3202 1191 3267 pos·
1246 3229 1248 3234 -

124 3299 234 3349 snmus
257 3283 396 3367 cogitare
418 3301 489 3350 esse
512 3283 626 3366 simul,
657 3289 691 3351 et
720 3304 783 3352 non
816 3303 896 3353 esse.
941 3287 975 3354 Si
999 3288 1070 3372 quis
1092 3289 1191 3372 igitur

125 3387 171 3452 sic
193 3388 369 3471 distinguat
389 3390 487 3474 hujus
516 3389 704 3474 prolationis
727 3390 785 3456 has
814 3391 895 3459 duas
917 3393 1110 3461 sententias:
1141 3397 1190 3462 in·

48 3570 52 3579 ¹
86 3572 91 3588 x
124 3490 247 3574 telliget
268 3493 363 3576 nihil,
397 3495 548 3578 quamdiu
582 3513 653 3562 esse
685 3496 802 3578 scitur,
835 3513 929 3579 posse
963 3500 1092 3583 cogitari
1125 3518 1191 3565 non

125 3615 209 3679 esse;
245 3603 278 3670 et
310 3598 459 3682 quicquid
498 3605 563 3680 est,
598 3604 729 3682 praeter
763 3601 797 3665 id
828 3618 889 3685 quo
921 3604 1025 3686 majus
1058 3603 1191 3685 cogitari
1321 3606 1326 3615 '

125 3703 378 3787 moritolium
407 3721 478 3770 cum
506 3703 605 3770 scitur
636 3722 723 3786 esse,
753 3723 848 3788 posse
871 3709 1003 3790 cogitari
1025 3727 1089 3775 non
1112 3726 1191 3777 esse.

126 3809 179 3876 Sic
214 3810 312 3890 igitur
349 3813 382 3876 et
417 3808 581 3891 proprium
623 3814 673 3876 est
708 3811 790 3892 Deo,
828 3829 891 3878 nou
928 3829 1023 3895 posse
1060 3813 1191 3894 cogitari

126 3916 190 3980 noir
222 3931 311 3995 esse;
343 3919 376 3982 et
407 3916 514 3980 tamen
537 3912 638 3979 multa
660 3933 724 3981 uon
745 3920 882 3998 possunt
901 3915 1047 4000 cogitari,
1081 3936 1189 4003 quam·

126 4017 180 4086 diu
212 4023 305 4103 sunt,
341 4037 408 4088 nou
441 4037 520 4088 esse.
564 4018 730 4100 Quomodo
762 4024 870 4089 summ
903 4021 1028 4090 dicatur
1060 4023 1191 4108 cogitari
