2684 4546
652 269 692 330 17

136 441 222 521 Quid
243 439 342 520 igitur
363 438 608 514 intelligendum
632 442 682 502 est
705 437 745 501 de
770 435 895 499 nihilo?
927 455 999 501 nam
1023 439 1099 503 nihil
1122 442 1207 521 quod

134 545 259 618 rideam
292 560 389 624 posse
423 542 619 635 objici,‚vel
651 559 738 623 pene
771 538 918 620 fatuum,
944 541 1013 622 jam
1048 546 1148 610 statui
1172 547 1205 610 in

134 647 196 714 hac
225 647 434 712 meditatione
468 646 642 727 negligere.

185 819 188 822 ,
223 750 339 817 Tribus
373 752 498 832 itaque,
535 756 687 832 utputo,
710 750 830 828 modis,
854 748 939 831 quod
962 751 1207 842 adpraesentis

134 855 364 938 impedimenti¹
378 853 494 920 sufficit
512 857 787 937 expedimentum,
814 856 930 937 exponi
947 862 1071 936 potest,
1094 858 1122 921 si
1143 876 1208 940 qua

134 960 318 1026 substantia
352 960 468 1024 dicitur
500 978 572 1025 esse
606 958 693 1026 facta
727 978 766 1025 ex
800 961 907 1025 nihilo.
954 960 1044 1025 Unus
1078 963 1205 1044 quidem

134 1065 248 1129 modus
262 1072 326 1141 est,
351 1083 413 1144 quo
429 1064 744 1151 volumus'intelligi,
759 1064 888 1144 penitus
906 1083 969 1153 non
993 1083 1064 1130 esse
1087 1063 1206 1132 factum

134 1170 220 1252 quod
244 1168 359 1235 dicitur
383 1186 422 1232 ex
438 1167 535 1232 nihilo
553 1185 645 1231 esse:
670 1168 720 1233 cui
743 1168 927 1249 simileest,
951 1187 1022 1234 cum
1038 1174 1207 1251 quaerenti

135 1275 174 1340 de
198 1279 340 1350 tacente,
373 1273 461 1338 unde
494 1260 664 1353 loquatur,
699 1272 915 1352 respondetur
950 1274 989 1336 de
1022 1274 1139 1354 nihilo,
1174 1276 1207 1339 id

114 1386 199 1459 est,
241 1396 318 1469 uon,
338 1370 494 1459 loquitor.
540 1375 724 1442 Secundum
759 1393 854 1456 quem
892 1376 1019 1439 modum
1060 1379 1099 1442 de
1136 1380 1208 1460 ipsa

134 1501 259 1549 summa
282 1483 441 1562 essentia,
465 1482 559 1547 etde
583 1500 621 1547 eo
644 1481 730 1563 quod
746 1480 876 1561 penitus
892 1499 951 1545 nec
965 1479 1043 1562 fuit,
1068 1501 1127 1548 nec
1149 1487 1208 1562 est,

134 1586 304 1671 quaerenti
328 1586 414 1650 unde
443 1582 561 1650 facturn
592 1585 652 1664 sit,
682 1589 768 1650 recte
792 1585 979 1665 responderi
1009 1590 1134 1666 potest,
1167 1586 1208 1651 de

135 1692 262 1781 nihilo,
286 1692 318 1757 id
352 1695 421 1768 est,
454 1707 658 1772 nequaqnam
688 1689 810 1754 facturn
842 1695 908 1769 est:
944 1691 999 1772 qui
1030 1708 1144 1775 sensus
1167 1690 1207 1755 de

135 1796 223 1860 nullo
248 1814 375 1873 eorum,
400 1775 701 1876 quaestuosum,
731 1793 867 1873 intelligi
890 1799 1004 1874 potest.
1051 1794 1122 1860 Alia
1145 1797 1207 1876 sig·

135 1898 274 1965 nificatio
298 1905 365 1981 est,
400 1917 482 1980 quae
508 1899 580 1979 dici·
599 1899 725 1980 quidem
749 1903 872 1978 potest,
905 1917 982 1963 vera
1004 1905 1112 1965 tamen
1136 1919 1206 1965 esse

135 2022 199 2067 non
223 2008 346 2083 potest:
382 2011 432 2082 ut,
469 2005 496 2068 si
520 2005 645 2069 ditatur
680 2002 800 2084 aliquid
834 2005 880 2069 sic
915 2022 985 2069 esse
1018 2005 1138 2071 lartum
1169 2026 1206 2072 ex

138 2104 254 2186 nihilo,
274 2114 313 2172 ut
335 2129 372 2174 ex
395 2109 464 2190 ipso
481 2108 598 2188 nihilo,
622 2110 652 2174 id
670 2113 736 2195 est,
760 2128 798 2174 ex
823 2130 859 2175 eo
884 2110 969 2190 quod
992 2110 1119 2189 penitus
1143 2129 1207 2175 non

136 2217 203 2290 est,
237 2212 355 2277 factum
385 2213 446 2277 sit:
480 2205 573 2295 qu'asi
604 2214 709 2294 ipsum
740 2213 818 2275 nihil
849 2214 891 2276 sit
913 2213 1034 2292 aliquid
1058 2215 1207 2292 existens,

137 2336 175 2382 ex
199 2336 261 2400 quo
282 2319 387 2398 possit
410 2318 531 2399 aliquid
552 2315 640 2381 fieri:
665 2316 917 2398 quodquoniam
941 2332 1068 2396 semper
1090 2313 1205 2380 falsum

137 2427 203 2502 est,
239 2423 389 2503 quotiens
424 2439 494 2486 esse
527 2421 677 2501 ponitur,
711 2422 915 2502 impossibilis
949 2423 1208 2488 inconvenientia

137 2522 365 2608 consequitur,¹
385 2528 494 2592 Tertia
516 2526 758 2608 interpretatio,
783 2545 847 2606 qua
869 2528 984 2592 dicitur
1000 2526 1120 2608 aliquid
1138 2511 1207 2591 esse

135 2630 252 2697 iactum
278 2632 317 2697 de
339 2631 455 2711 nihilo,
486 2637 535 2695 est
566 2649 637 2695 cum
666 2630 873 2710 intelligimus
896 2649 967 2695 esse
990 2630 1118 2710 quidem
1141 2629 1207 2695 fac·

136 2745 220 2817 tum,
245 2725 301 2801 sed
326 2755 389 2800 non
413 2754 484 2800 esse
507 2730 645 2817 aliquid,
670 2736 756 2799 unde
772 2735 812 2798 sit
829 2732 957 2799 factum.
987 2733 1049 2799 Per
1071 2734 1206 2799 similem

135 2839 397 2922 significationem
421 2841 481 2906 dici
504 2841 648 2918 videtur,
682 2859 751 2904 curn
783 2839 875 2904 homo
906 2840 1114 2905 contristatus
1138 2841 1206 2905 sine

135 2964 250 3021 causa,
284 2944 400 3007 dicitur
419 2946 640 3035 contristatus
675 2930 714 3009 de
750 2944 858 3008 nihilo.
903 2943 1084 3011 Secundum
1108 2946 1206 3026 igitur

133 3051 222 3113 hunc
244 3062 374 3110 sensum
397 3048 424 3110 si
446 3049 663 3131 intelligatur,
694 3050 779 3129 quod
810 3065 909 3128 supra
939 3049 1123 3129 conclusum
1147 3057 1206 3125 est,

135 3155 211 3236 quia
233 3156 363 3232 praeter
386 3168 541 3215 summam
572 3153 743 3219 essentiam
779 3158 911 3232 cuncta,
946 3170 1028 3232 quae
1058 3157 1135 3216 sunt
1165 3152 1205 3217 ab

136 3257 263 3336 eadem,
288 3274 324 3321 ex
347 3257 444 3322 nihilo
468 3255 554 3322 facta
576 3263 672 3339 sunt,
694 3259 727 3324 id
751 3263 817 3338 est,
841 3277 905 3323 non
921 3276 960 3321 ex
976 3256 1108 3338 aliquoz·
1123 3257 1206 3322 sicut

136 3362 206 3444 ipsa
229 3361 387 3427 conclusio
411 3363 641 3444 praecedentia
664 3365 891 3428 convenienter
914 3369 1137 3440 consequetur,
1160 3360 1205 3424 ita

136 3485 175 3531 ex
209 3464 320 3529 eadem
356 3467 559 3533 conclusione
593 3468 670 3532 nihil
708 3468 939 3533 inconveniens
971 3466 1204 3545 subsequetur3

136 3570 280 3653 quamvis
304 3588 368 3634 non
398 3570 659 3637 inconvenienter
693 3579 726 3637 et
760 3573 828 3636 sine
862 3571 948 3635 omni
980 3567 1204 3648 repugnantia,

136 3692 174 3739 ea
194 3668 289 3768 quae
305 3672 391 3740 facta
422 3682 498 3740 sunt
529 3695 549 3742 a
584 3677 737 3742 creatrice
772 3678 952 3764 substantia
985 3674 1046 3740 dici
1079 3672 1206 3755 possint

137 3796 206 3855 esse
230 3797 269 3843 ex
292 3779 390 3844 nihilo
414 3778 518 3862 iacta3
543 3799 579 3845 eo
602 3783 694 3846 modo
719 3801 780 3864 qno
797 3782 859 3846 dici
882 3781 965 3846 solet
987 3780 1076 3843 dives
1099 3775 1204 3841 factus
1302 3845 1310 3867 ο

137 3900 175 3948 ex
196 3890 356 3964 paupere,
388 3889 421 3949 et
448 3885 608 3967 recepisse
631 3887 703 3968 quis
725 3887 897 3953 sanitatem
920 3904 960 3950 ex
981 3883 1203 3962 aegritudine:
1293 3868 1296 3875 ’

136 3986 257 4067 idest,
291 3990 345 4072 qui
378 3989 468 4070 prins
497 4007 621 4070 pauper
654 3998 742 4071 erat,
775 4008 861 4055 nunc
893 3994 943 4053 est
977 3987 1082 4065 dives,
1118 3984 1203 4069 qnod

248 4099 251 4103 ’
973 4098 991 4156 2
