2684 4546
636 244 697 316 lna

134 417 326 500 humanum,
357 437 413 486 cor
432 416 597 503 indigens,
629 434 684 488 cor
706 429 873 506 expertum
895 441 1080 512 aerumnas,
1103 428 1201 498 immo

135 525 285 591 obrutum
315 525 493 607 aerumnis,
523 532 678 609 quantum
712 529 887 613 gauderes,
916 533 944 599 ai
973 533 1024 600 his
1052 537 1203 604 omnibus

134 629 335 698 abundares!
358 631 525 711 Interroga
544 632 663 706 intima,
681 639 754 715 tua,
779 637 806 702 si
828 654 942 720 capere
971 639 1098 721 possint
1121 659 1202 722 gau·

135 736 222 802 dium
244 754 335 802 suum
358 736 399 802 de
428 741 520 803 tanta
550 738 750 806 beatitudine
772 759 839 808 sua.
884 744 948 811 Sed
971 752 1057 813 certe
1078 747 1107 813 si
1129 751 1204 833 quis

134 841 234 923 alius,
267 861 361 925 quern
393 843 520 909 omnino
555 844 639 910 siout
671 846 809 927 teipsum
843 848 1007 932 diligeres,
1055 855 1200 921 eamdem

133 946 364 1013 beatitudinem
395 947 545 1029 baberet,
575 949 968 1035 duplicaretur-gaudium
990 964 1097 1040 tunm,
1125 961 1203 1043 quia

133 1069 196 1118 non
219 1053 323 1118 minus
345 1053 502 1135 gauderes
535 1072 594 1136 pro
626 1074 664 1122 eo
694 1075 790 1140 quam
819 1076 878 1140 pro
905 1060 1017 1143 teipso.
1063 1063 1097 1129 Si
1124 1084 1201 1132 vero

134 1157 196 1222 duo
220 1157 271 1224 vel
293 1163 359 1224 tres
381 1159 433 1223 vel
456 1159 554 1224 multo
577 1159 687 1242 plures
707 1158 847 1245 idipsum
862 1164 1034 1248 haberent,
1058 1173 1205 1236 tantum-

133 1264 205 1329 dem
227 1282 286 1346 pro
308 1264 459 1346 singulis,
490 1271 645 1348 quantum
672 1284 731 1348 pro
754 1269 857 1350 teipso
880 1270 1053 1352 gauderes3
1084 1275 1112 1339 si
1135 1276 1201 1340 sin-
1243 1336 1246 1349 ,

132 1369 241 1450 gulos,
279 1370 362 1437 sicut
398 1371 556 1452 teipsum,
594 1389 727 1437 amares.
773 1372 859 1454 Ergo
897 1374 931 1439 in
965 1375 1022 1441 illa
1054 1376 1201 1459 perfecta

133 1475 290 1543 charitate
311 1475 590 1543 innumerabilium
611 1476 797 1558 angelorum
829 1479 1013 1561 beatorum,
1043 1487 1076 1546 et
1098 1484 1199 1550 homi·

133 1600 227 1663 num,
251 1583 305 1648 ubi
327 1582 434 1649 nullus
456 1582 561 1646 minus
585 1581 698 1663 diliget
712 1582 808 1649 alium
830 1601 925 1667 quam
949 1586 1110 1670 seipsum,
1134 1609 1199 1656 non

133 1687 227 1753 aliter
240 1688 391 1770 gaudebit
405 1689 540 1771 quisque
555 1705 613 1768 pro
636 1688 771 1770 singulis
789 1689 877 1771 aliis,
900 1707 996 1773 quam
1009 1710 1069 1774 pro
1085 1693 1199 1776 seipso.

133 1792 167 1858 Si
190 1812 265 1874 ergo
282 1813 336 1860 cor
350 1793 487 1859 hominis
502 1793 543 1859 dc
558 1798 649 1859 tanto
665 1812 723 1859 suo
739 1794 823 1860 bono
846 1795 898 1862 vix
921 1797 1026 1877 capiet
1048 1790 1201 1880 gaudium

132 1920 242 1982 suum,
274 1902 429 1986 quomodo
459 1918 560 1982 capax
582 1900 644 1964 erit
672 1890 721 1965 tot
744 1905 777 1966 et
798 1904 963 1995 tantorum
981 1902 1201 1984 gaudiorum?

132 2005 175 2072 Et
209 2006 335 2089 utique,
370 2007 520 2089 quoniam
555 2009 710 2087 quantum
744 2005 879 2089 quisque
914 2007 1017 2090 diligit
1050 2007 1197 2092 aliquem,

79 2102 85 2117 “
131 2117 256 2186 tantum
280 2112 425 2179 debono
450 2112 517 2195 ejus
546 2111 683 2192 gaudet:
716 2111 798 2176 sicut
827 2111 863 2176 in
877 2111 939 2178 ¹illa
961 2110 1105 2194 perfecta
1126 2110 1198 2177 leli-

132 2218 228 2284 citate
250 2218 470 2302 unusquisque
492 2218 566 2300 plus
590 2217 711 2283 amabit
741 2218 810 2283 sine
833 2219 1070 2301 comparatione
1092 2219 1196 2285 Deum

132 2343 228 2408 quam
252 2343 287 2391 se
310 2331 343 2391 et
364 2341 474 2391 omnes
498 2324 575 2390 allos
598 2325 723 2402 socumss
746 2323 792 2389 ita
814 2323 888 2407 plus
903 2323 1056 2406 gaudebit
1077 2323 1198 2405 absque

133 2431 357 2498 aestimatione
381 2431 421 2496 dc
443 2428 597 2496 felicitate
630 2429 691 2494 Dei
725 2447 820 2512 quam
854 2431 893 2496 de
923 2448 982 2496 sua
1005 2435 1038 2496 et
1059 2423 1199 2495 omnium

134 2536 268 2603 aliorum
301 2554 418 2602 secum.
463 2535 528 2602 Sed
559 2534 586 2600 si
620 2534 724 2600 Deum
758 2535 804 2601 sic
836 2535 969 2619 diligent
996 2539 1066 2602 toto
1095 2535 1200 2617 corde,

133 2647 202 2709 tnta
224 2647 348 2722 mente,
373 2646 443 2708 tota
465 2642 590 2724 anima,
613 2647 650 2706 ut
664 2646 773 2706 tamen
789 2645 892 2707 totum
914 2660 985 2722 cor,
1009 2644 1078 2707 tota
1100 2656 1199 2721 mens,

25 2828 31 2843 Ι
61 2827 63 2832 ,
133 2752 201 2814 tota
223 2749 330 2815 anima
352 2767 416 2813 non
440 2745 578 2813 sufficiat
594 2746 743 2826 dignitati
766 2744 961 2825 dilectionie3
984 2742 1127 2829 profecto
1150 2744 1197 2810 sic

132 2854 320 2934 gaudebunt
341 2858 403 2919 toto
426 2853 538 2932 corde,
571 2857 637 2918 totu
657 2856 774 2930 meato,
798 2855 865 2916 toto
887 2852 1018 2934 animo,
1038 2855 1076 2917 ut
1095 2853 1199 2915 totum

133 2979 207 3042 cor,
240 2965 308 3026 tota
340 2977 448 3041 mens,
481 2963 551 3024 tota
580 2957 703 3039 anima,
741 2974 806 3021 non
840 2953 977 3024 sufficiat
1009 2955 1201 3040 plenitudini

132 3066 250 3148 gaudii.

525 3234 662 3303 CAPUT
685 3234 801 3302 XXVI.

132 3379 176 3435 An
202 3377 254 3432 hoc
273 3376 310 3431 sit
324 3350 455 3445 'gaudium
484 3374 611 3442 plenum,
637 3371 709 3439 quod
735 3369 870 3439 promittit
896 3371 1035 3427 Dominus.
1063 3399 1097 3412 -
1122 3368 1201 3424 Beati

201 3471 308 3522 tantum
325 3463 494 3536 gaudebunt,
519 3468 652 3533 quantum
670 3458 814 3516 amabunt:
834 3465 940 3515 tantum
959 3459 1100 3531 amabam,
1118 3471 1201 3528 quan·

202 3561 261 3611 tum
277 3559 448 3624 cognoscent.

220 3718 309 3783 Deus
337 3729 428 3781 meus
467 3717 500 3777 et
533 3711 689 3778 Dominus
722 3726 828 3791 meus,
858 3725 932 3792 spes
961 3696 1033 3773 mea
1062 3707 1096 3768 ct
1122 3721 1202 3784 gau-

133 3822 220 3889 dium
244 3822 347 3890 cordis
370 3819 449 3903 mei,
473 3817 524 3885 dio
546 3817 670 3884 animae
692 3833 801 3896 meae,
834 3815 861 3880 si
884 3813 944 3878 hoc
967 3813 1016 3876 cst
1037 3807 1202 3890 gaudium,

133 3926 174 3995 de
197 3946 260 4011 quo
282 3928 374 3995 nobis
390 3922 672 4010 dicis'per'Filium
691 3927 804 3988 tuum:
828 3916 949 3995 Petite,
972 3918 1002 3981 et
1023 3914 1207 4020 accipietis,

132 4038 169 4102 at
187 4031 507 4120 gaudimaloestrum
528 4030 573 4100 ait
588 4028 722 4115 plenum
744 4024 852 4112 (douo.
876 4032 956 4104 XVI,
980 4017 1045 4110 24).
1088 4014 1201 4087 Inueni
